@article{greenwade93,
    author  = "George D. Greenwade",
    title   = "The {C}omprehensive {T}ex {A}rchive {N}etwork ({CTAN})",
    year    = "1993",
    journal = "TUGBoat",
    volume  = "14",
    number  = "3",
    pages   = "342--351"
}







@article{fox16,
	title        = {The solar probe plus mission: humanity’s first visit to our star},
	author       = {Fox, NJ and Velli, MC and Bale, SD and Decker, R and Driesman, A and Howard, RA and Kasper, Justin C and Kinnison, J and Kusterer, M and Lario, D and others},
	year         = 2016,
	journal      = {Space Science Reviews},
	publisher    = {Springer},
	volume       = 204,
	number       = 1,
	pages        = {7--48}
}
@article{bale16,
	title        = {The FIELDS instrument suite for solar probe plus},
	author       = {Bale, SD and Goetz, K and Harvey, PR and Turin, P and Bonnell, JW and Dudok de Wit, T and Ergun, RE and MacDowall, RJ and Pulupa, M and Andr{\'e}, Mats and others},
	year         = 2016,
	journal      = {Space science reviews},
	publisher    = {Springer},
	volume       = 204,
	number       = 1,
	pages        = {49--82}
}
@article{zhang2019forward,
          title={Forward modeling of the type III radio burst exciter},
          author={Zhang, Peijin and Wang, Chuanbing and Ye, Lin and Wang, Yuming},
          journal={Solar Physics},
          volume={294},
          number={5},
          pages={62},
          year={2019},
          publisher={Springer}
}
@article{pulupa17,
	title        = {The Solar Probe Plus Radio Frequency Spectrometer: measurement requirements, analog design, and digital signal processing},
	author       = {Pulupa, M and Bale, SD and Bonnell, JW and Bowen, TA and Carruth, N and Goetz, K and Gordon, D and Harvey, PR and Maksimovic, M and Mart{\'\i}nez-Oliveros, JC and others},
	year         = 2017,
	journal      = {Journal of Geophysical Research: Space Physics},
	publisher    = {Wiley Online Library},
	volume       = 122,
	number       = 3,
	pages        = {2836--2854}
}

@ARTICLE{pulupa20,
       author = {{Pulupa}, Marc and {Bale}, Stuart D. and {Badman}, Samuel T. and {Bonnell}, J.~W. and {Case}, Anthony W. and {de Wit}, Thierry Dudok and {Goetz}, Keith and {Harvey}, Peter R. and {Hegedus}, Alexander M. and {Kasper}, Justin C. and {Korreck}, Kelly E. and {Krasnoselskikh}, Vladimir and {Larson}, Davin and {Lecacheux}, Alain and {Livi}, Roberto and {MacDowall}, Robert J. and {Maksimovic}, Milan and {Malaspina}, David M. and {Mart{\'\i}nez Oliveros}, Juan Carlos and {Meyer-Vernet}, Nicole and {Moncuquet}, Michel and {Stevens}, Michael and {Whittlesey}, Phyllis},
        title = "{Statistics and Polarization of Type III Radio Bursts Observed in the Inner Heliosphere}",
      journal = {\apjs},
     keywords = {Solar radio emission, Radio bursts, Heliosphere, Space vehicle instruments, 1522, 1339, 711, 1548, Astrophysics - Solar and Stellar Astrophysics, Physics - Space Physics},
         year = 2020,
        month = feb,
       volume = {246},
       number = {2},
          eid = {49},
        pages = {49},
          doi = {10.3847/1538-4365/ab5dc0},
archivePrefix = {arXiv},
       eprint = {1912.03371},
 primaryClass = {astro-ph.SR},
       adsurl = {https://ui.adsabs.harvard.edu/abs/2020ApJS..246...49P},
      adsnote = {Provided by the SAO/NASA Astrophysics Data System}
}

@article{lofar13,
	title        = {LOFAR: The low-frequency array},
	author       = {van Haarlem, Michael P and Wise, Michael W and Gunst, AW and Heald, George and McKean, John P and Hessels, Jason WT and de Bruyn, A Ger and Nijboer, Ronald and Swinbank, John and Fallows, Richard and others},
	year         = 2013,
	journal      = {Astronomy \& astrophysics},
	publisher    = {EDP Sciences},
	volume       = 556,
	pages        = {A2}
}

@article{pfss20,
	title        = {pfsspy: A Python package for potential field source surface modelling},
	author       = {David Stansby and Anthony Yeates and Samuel T. Badman},
	year         = 2020,
	journal      = {Journal of Open Source Software},
	publisher    = {The Open Journal},
	volume       = 5,
	number       = 54,
	pages        = 2732,
	doi          = {10.21105/joss.02732},
	url          = {https://doi.org/10.21105/joss.02732}
}
@article{mhd99,
	title        = {Magnetohydrodynamic modeling of the global solar corona},
	author       = {Miki{\'c}, Zoran and Linker, Jon A and Schnack, Dalton D and Lionello, Roberto and Tarditi, Alfonso},
	year         = 1999,
	journal      = {Physics of Plasmas},
	publisher    = {American Institute of Physics},
	volume       = 6,
	number       = 5,
	pages        = {2217--2224}
}
@article{wild50,
	title        = {{Observations of the Spectrum of High-Intensity Solar Radiation at Metre Wavelengths. I. The Apparatus and Spectral Types of Solar Burst Observed}},
	author       = {{Wild}, J.~P. and {McCready}, L.~L.},
	year         = 1950,
	month        = sep,
	journal      = {Australian Journal of Scientific Research A Physical Sciences},
	volume       = 3,
	pages        = 387,
	doi          = {10.1071/CH9500387},
	adsurl       = {https://ui.adsabs.harvard.edu/abs/1950AuSRA...3..387W},
	adsnote      = {Provided by the SAO/NASA Astrophysics Data System}
}
@article{ergun98,
	title        = {Wind spacecraft observations of solar impulsive electron events associated with solar type III radio bursts},
	author       = {Ergun, RE and Larson, D and Lin, RP and McFadden, JP and Carlson, CW and Anderson, KA and Muschietti, L and McCarthy, M and Parks, GK and Reme, H and others},
	year         = 1998,
	journal      = {The Astrophysical Journal},
	publisher    = {IOP Publishing},
	volume       = 503,
	number       = 1,
	pages        = 435
}
@article{reid20,
	title        = {A review of recent solar type III imaging spectroscopy},
	author       = {Reid, Hamish AS},
	year         = 2020,
	journal      = {Frontiers in Astronomy and Space Sciences},
	publisher    = {Frontiers Media SA},
	volume       = 7,
	pages        = 56
}
@incollection{pick6,
	title        = {{Radio Emissions from the Sun and the Interplanetary Medium}},
	author       = {{Pick}, M.},
	year         = 2006,
	booktitle    = {Solar and Heliospheric Origins of Space Weather Phenomena},
	volume       = 699,
	pages        = 119,
	doi          = {10.1007/3-540-33759-8_6},
	editor       = {{Rozelot}, Jean-Pierre},
	adsurl       = {https://ui.adsabs.harvard.edu/abs/2006LNP...699..119P},
	adsnote      = {Provided by the SAO/NASA Astrophysics Data System}
}
@article{dppp18,
	title        = {Dppp: Default pre-processing pipeline},
	author       = {van Diepen, Ger and Dijkema, Tammo Jan and Offringa, Andr{\'e}},
	year         = 2018,
	journal      = {Astrophysics Source Code Library},
	pages        = {ascl--1804}
}
@article{wsclean14,
	title        = {{WSCLEAN: an implementation of a fast, generic wide-field imager for radio astronomy}},
	author       = {{Offringa}, A.~R. and {McKinley}, B. and {Hurley-Walker}, N. and {Briggs}, F.~H. and {Wayth}, R.~B. and {Kaplan}, D.~L. and {Bell}, M.~E. and {Feng}, L. and {Neben}, A.~R. and {Hughes}, J.~D. and {Rhee}, J. and {Murphy}, T. and {Bhat}, N.~D.~R. and {Bernardi}, G. and {Bowman}, J.~D. and {Cappallo}, R.~J. and {Corey}, B.~E. and {Deshpande}, A.~A. and {Emrich}, D. and {Ewall-Wice}, A. and {Gaensler}, B.~M. and {Goeke}, R. and {Greenhill}, L.~J. and {Hazelton}, B.~J. and {Hindson}, L. and {Johnston-Hollitt}, M. and {Jacobs}, D.~C. and {Kasper}, J.~C. and {Kratzenberg}, E. and {Lenc}, E. and {Lonsdale}, C.~J. and {Lynch}, M.~J. and {McWhirter}, S.~R. and {Mitchell}, D.~A. and {Morales}, M.~F. and {Morgan}, E. and {Kudryavtseva}, N. and {Oberoi}, D. and {Ord}, S.~M. and {Pindor}, B. and {Procopio}, P. and {Prabu}, T. and {Riding}, J. and {Roshi}, D.~A. and {Shankar}, N. Udaya and {Srivani}, K.~S. and {Subrahmanyan}, R. and {Tingay}, S.~J. and {Waterson}, M. and {Webster}, R.~L. and {Whitney}, A.~R. and {Williams}, A. and {Williams}, C.~L.},
	year         = 2014,
	month        = oct,
	journal      = {\mnras},
	volume       = 444,
	number       = 1,
	pages        = {606--619},
	doi          = {10.1093/mnras/stu1368},
	keywords     = {instrumentation: interferometers, methods: observational, techniques: interferometric, radio continuum: general, Astrophysics - Instrumentation and Methods for Astrophysics},
	archiveprefix = {arXiv},
	eprint       = {1407.1943},
	primaryclass = {astro-ph.IM},
	adsurl       = {https://ui.adsabs.harvard.edu/abs/2014MNRAS.444..606O},
	adsnote      = {Provided by the SAO/NASA Astrophysics Data System}
}
@article{gong96,
	title        = {{The Global Oscillation Network Group (GONG) Project}},
	author       = {{Harvey}, J.~W. and {Hill}, F. and {Hubbard}, R.~P. and {Kennedy}, J.~R. and {Leibacher}, J.~W. and {Pintar}, J.~A. and {Gilman}, P.~A. and {Noyes}, R.~W. and {Title}, A.~M. and {Toomre}, J. and {Ulrich}, R.~K. and {Bhatnagar}, A. and {Kennewell}, J.~A. and {Marquette}, W. and {Patron}, J. and {Saa}, O. and {Yasukawa}, E.},
	year         = 1996,
	month        = may,
	journal      = {Science},
	volume       = 272,
	number       = 5266,
	pages        = {1284--1286},
	doi          = {10.1126/science.272.5266.1284},
	adsurl       = {https://ui.adsabs.harvard.edu/abs/1996Sci...272.1284H},
	adsnote      = {Provided by the SAO/NASA Astrophysics Data System}
}
@article{zhang18,
	title        = {A type III radio burst automatic analysis system and statistic results for a half solar cycle with Nan{\c{c}}ay Decameter Array data},
	author       = {Zhang, PJ and Wang, Chuan Bing and Ye, Lin},
	year         = 2018,
	journal      = {Astronomy \& Astrophysics},
	publisher    = {EDP Sciences},
	volume       = 618,
	pages        = {A165}
}
@article{badman22,
doi = {10.3847/1538-4357/ac90c2},
url = {https://dx.doi.org/10.3847/1538-4357/ac90c2},
year = {2022},
month = {oct},
publisher = {The American Astronomical Society},
volume = {938},
number = {2},
pages = {95},
author = {Samuel T. Badman and Eoin Carley and Luis Alberto Cañizares and Nina Dresing and Lan K. Jian and David Lario and Peter T. Gallagher and Juan C. Martínez Oliveros and Marc Pulupa and Stuart D. Bale},
title = {Tracking a Beam of Electrons from the Low Solar Corona into Interplanetary Space with the Low Frequency Array, Parker Solar Probe, and 1 au Spacecraft},
journal = {The Astrophysical Journal}
}
@ARTICLE{newkirk61,
       author = {{Newkirk}, Gordon, Jr.},
        title = "{The Solar Corona in Active Regions and the Thermal Origin of the Slowly Varying Component of Solar Radio Radiation.}",
      journal = {\apj},
         year = 1961,
        month = may,
       volume = {133},
        pages = {983},
          doi = {10.1086/147104},
       adsurl = {https://ui.adsabs.harvard.edu/abs/1961ApJ...133..983N},
      adsnote = {Provided by the SAO/NASA Astrophysics Data System}
}
@article{newkirk67,
author = {Newkirk, Gordon},
title = {Structure of the Solar Corona},
journal = {Annual Review of Astronomy and Astrophysics},
volume = {5},
number = {1},
pages = {213-266},
year = {1967},
doi = {10.1146/annurev.aa.05.090167.001241},
URL = {https://doi.org/10.1146/annurev.aa.05.090167.001241},
eprint = {https://doi.org/10.1146/annurev.aa.05.090167.001241}
}
@article{young18,
	title        = {Solar ultraviolet bursts},
	author       = {Young, Peter R and Tian, Hui and Peter, Hardi and Rutten, Robert J and Nelson, Chris J and Huang, Zhenghua and Schmieder, Brigitte and Vissers, Gregal JM and Toriumi, Shin and van der Voort, Luc HM Rouppe and others},
	year         = 2018,
	journal      = {Space Science Reviews},
	publisher    = {Springer},
	volume       = 214,
	pages        = {1--39}
}
@article{madjarska19,
	title        = {Coronal bright points},
	author       = {Madjarska, Maria S},
	year         = 2019,
	journal      = {Living Reviews in Solar Physics},
	publisher    = {Springer},
	volume       = 16,
	number       = 1,
	pages        = 2
}
@article{berghmans21,
	title        = {Extreme-UV quiet Sun brightenings observed by the Solar Orbiter/EUI},
	author       = {Berghmans, David and Auch{\`e}re, Fr{\'e}d{\'e}ric and Long, David M and Soubri{\'e}, Elie and Mierla, Marilena and Zhukov, Andrei N and Sch{\"u}hle, Udo and Antolin, Patrick and Harra, Louise and Parenti, Susanna and others},
	year         = 2021,
	journal      = {Astronomy \& Astrophysics},
	publisher    = {EDP Sciences},
	volume       = 656,
	pages        = {L4}
}
@article{kontar17,
	title        = {Imaging spectroscopy of solar radio burst fine structures},
	author       = {Kontar, Eduard P and Yu, Sijie and Kuznetsov, AA and Emslie, AG and Alcock, B and Jeffrey, NLS and Melnik, VN and Bian, NH and Subramanian, P},
	year         = 2017,
	journal      = {Nature communications},
	publisher    = {Nature Publishing Group UK London},
	volume       = 8,
	number       = 1,
	pages        = 1515
}
@article{reid14,
	title        = {A review of solar type III radio bursts},
	author       = {Reid, Hamish Andrew Sinclair and Ratcliffe, Heather},
	year         = 2014,
	journal      = {Research in Astronomy and Astrophysics},
	publisher    = {IOP Publishing},
	volume       = 14,
	number       = 7,
	pages        = 773
}
@article{saint12,
	title        = {A decade of solar type III radio bursts observed by the Nan{\c{c}}ay radioheliograph 1998--2008},
	author       = {Saint-Hilaire, Pascal and Vilmer, Nicole and Kerdraon, Alain},
	year         = 2012,
	journal      = {The Astrophysical Journal},
	publisher    = {IOP Publishing},
	volume       = 762,
	number       = 1,
	pages        = 60
}
@article{reiner9,
	title        = {Multipoint observations of solar type III radio bursts from STEREO and Wind},
	author       = {Reiner, M Jꎬ and Goetz, Keith and Fainberg, J and Kaiser, Michael L and Maksimovic, Milan and Cecconi, Baptiste and Hoang, Sang and Bale, Stuart D and Bougeret, J-L},
	year         = 2009,
	journal      = {Solar Physics},
	publisher    = {Springer},
	volume       = 259,
	pages        = {255--276}
}
@ARTICLE{bonnin8,
       author = {{Bonnin}, X. and {Hoang}, S. and {Maksimovic}, M.},
        title = "{The directivity of solar type III bursts at hectometer and kilometer wavelengths: Wind-Ulysses observations}",
      journal = {\aap},
     keywords = {Sun: radio radiation, Sun: particle emission, plasmas, methods: data analysis},
         year = 2008,
        month = oct,
       volume = {489},
       number = {1},
        pages = {419-427},
          doi = {10.1051/0004-6361:200809777},
       adsurl = {https://ui.adsabs.harvard.edu/abs/2008A&A...489..419B},
      adsnote = {Provided by the SAO/NASA Astrophysics Data System}
}
@article{chen13,
	title        = {Flare-associated type III radio bursts and dynamics of the EUV jet from SDO/AIA and RHESSI observations},
	author       = {Chen, Naihwa and Ip, Wing-Huen and Innes, Davina},
	year         = 2013,
	journal      = {The Astrophysical Journal},
	publisher    = {IOP Publishing},
	volume       = 769,
	number       = 2,
	pages        = 96
}
@inproceedings{morosan17,
	title        = {{Characteristics of type III radio bursts and solar S bursts}},
	author       = {{Morosan}, D.~E. and {Gallagher}, P.~T.},
	year         = 2017,
	month        = jan,
	booktitle    = {Planetary Radio Emissions VIII},
	pages        = {357--368},
	doi          = {10.1553/PRE8s357},
	keywords     = {Solar radio emissions, Sun, type III, LOFAR, S bursts, Astrophysics - Solar and Stellar Astrophysics},
	editor       = {{Fischer}, G. and {Mann}, G. and {Panchenko}, M. and {Zarka}, P.},
	archiveprefix = {arXiv},
	eprint       = {1802.10460},
	primaryclass = {astro-ph.SR},
	adsurl       = {https://ui.adsabs.harvard.edu/abs/2017pre8.conf..357M},
	adsnote      = {Provided by the SAO/NASA Astrophysics Data System}
}
@article{dabrowski21,
	title        = {Type III Radio Bursts Observations on 20th August 2017 and 9th September 2017 with LOFAR Ba{\l}dy Telescope},
	author       = {Dabrowski, Bartosz and Flisek, Pawe{\l} and Miku{\l}a, Katarzyna and Fro{\'n}, Adam and Vocks, Christian and Magdaleni{\'c}, Jasmina and Krankowski, Andrzej and Zhang, PeiJin and Zucca, Pietro and Mann, Gottfried},
	year         = 2021,
	journal      = {Remote Sensing},
	publisher    = {MDPI},
	volume       = 13,
	number       = 1,
	pages        = 148
}
@article{melrose17,
	title        = {Coherent emission mechanisms in astrophysical plasmas},
	author       = {Melrose, DB},
	year         = 2017,
	journal      = {Reviews of Modern Plasma Physics},
	publisher    = {Springer},
	volume       = 1,
	pages        = {1--81}
}
@article{lecacheux89,
	title        = {{Characteristics of type III bursts in the solar wind from simultaneous observations on board ISEE-3 and Voyager}},
	author       = {{Lecacheux}, A. and {Steinberg}, J. -L. and {Hoang}, S. and {Dulk}, G.~A.},
	year         = 1989,
	month        = jun,
	journal      = {\aap},
	volume       = 217,
	number       = {1-2},
	pages        = {237--250},
	keywords     = {International Sun Earth Explorer 3, Solar Wind, Spaceborne Astronomy, Type 3 Bursts, Voyager Project, Electrostatic Waves, Kilometric Waves, Plasma Radiation, Solar Physics},
	adsurl       = {https://ui.adsabs.harvard.edu/abs/1989A&A...217..237L},
	adsnote      = {Provided by the SAO/NASA Astrophysics Data System}
}
@article{gurnett76,
	title        = {Electron plasma oscillations associated with type III radio bursts},
	author       = {Gurnett, Donald A and Anderson, Roger R},
	year         = 1976,
	journal      = {Science},
	publisher    = {American Association for the Advancement of Science},
	volume       = 194,
	number       = 4270,
	pages        = {1159--1162}
}
@article{gurnett77,
	title        = {Plasma wave electric fields in the solar wind: Initial results from Helios 1},
	author       = {Gurnett, Donald A and Anderson, Roger R},
	year         = 1977,
	journal      = {Journal of Geophysical Research},
	publisher    = {Wiley Online Library},
	volume       = 82,
	number       = 4,
	pages        = {632--650}
}
@article{boudjada20,
	title        = {Observations of Solar Type III radio bursts by<? xmltex$\backslash$break?> Cassini/RPWS experiment},
	author       = {Boudjada, Mohammed Y and Abou el-Fadl, Ahmed and Galopeau, Patrick HM and Al-Haddad, Eimad and Lammer, Helmut},
	year         = 2020,
	journal      = {Advances in Radio Science},
	publisher    = {Copernicus Publications G{\"o}ttingen, Germany},
	volume       = 18,
	pages        = {83--87}
}
@article{dulk85,
	title        = {The visibility of type III radio bursts originating behind the sun},
	author       = {Dulk, GA and Steinberg, Jean-Louis and Lecacheux, Alain and Hoang, Sang and MacDowall, Robert John},
	year         = 1985,
	journal      = {Astronomy and Astrophysics},
	volume       = 150,
	pages        = {L28--L30}
}
@article{fredkin1995persistence,
	title        = {Persistence: a new statistic for characterizing ion-channel activity},
	author       = {Fredkin, Donald R and Rice, John A and Colquhoun, David and Gibb, AJ},
	year         = 1995,
	journal      = {Philosophical Transactions of the Royal Society of London. Series B: Biological Sciences},
	publisher    = {The Royal Society London},
	volume       = 350,
	number       = 1334,
	pages        = {353--367}
}
@article{thompson2016persistence,
	title        = {Persistence mapping using EUV Solar Imager data},
	author       = {Thompson, BJ and Young, CA},
	year         = 2016,
	journal      = {The Astrophysical Journal},
	publisher    = {IOP Publishing},
	volume       = 825,
	number       = 1,
	pages        = 27
}
@article{pysz2011assessment,
	title        = {Assessment and monitoring tumor vascularity with contrast-enhanced ultrasound maximum intensity persistence imaging},
	author       = {Pysz, Marybeth A and Foygel, Kira and Panje, Cedric M and Needles, Andrew and Tian, Lu and Willmann, J{\"u}rgen K},
	year         = 2011,
	journal      = {Investigative radiology},
	publisher    = {NIH Public Access},
	volume       = 46,
	number       = 3,
	pages        = 187
}
@article{khaled_2022,
	title        = {Evolution of Alfv{\'e}n Waves in the Solar Wind. Monochromatic Driver},
	author       = {Alielden, Khaled and Taroyan, Youra},
	year         = 2022,
	journal      = {The Astrophysical Journal},
	publisher    = {IOP Publishing},
	volume       = 935,
	number       = 2,
	pages        = 66
}
@article{morton_2015,
	title        = {Investigating Alfv{\'e}nic wave propagation in coronal open-field regions},
	author       = {Morton, RJ and Tomczyk, Steve and Pinto, Rui},
	year         = 2015,
	journal      = {Nature Communications},
	publisher    = {Nature Publishing Group UK London},
	volume       = 6,
	number       = 1,
	pages        = 7813
}
@article{zhang2022imaging,
	title        = {Imaging of the Quiet Sun in the Frequency Range of 20--80 MHz},
	author       = {Zhang, PeiJin and Zucca, Pietro and Kozarev, Kamen and Carley, Eoin and Wang, ChuanBing and Franzen, Thomas and Dabrowski, Bartosz and Krankowski, Andrzej and Magdalenic, Jasmina and Vocks, Christian},
	year         = 2022,
	journal      = {The Astrophysical Journal},
	publisher    = {IOP Publishing},
	volume       = 932,
	number       = 1,
	pages        = 17
}
@article{dumbovic20212019,
	title        = {2019 International Women’s Day event-Two-step solar flare with multiple eruptive signatures and low Earth impact},
	author       = {Dumbovi{\'c}, M and Veronig, AM and Podladchikova, Tatiana and Thalmann, Julia K and Chikunova, Galina and Dissauer, Karin and Magdaleni{\'c}, J and Temmer, Manuela and Guo, Jingnan and Samara, Evangelia},
	year         = 2021,
	journal      = {Astronomy \& Astrophysics},
	publisher    = {EDP Sciences},
	volume       = 652,
	pages        = {A159}
}
@article{harra2021active,
	title        = {The active region source of a type III radio storm observed by Parker Solar Probe during encounter 2},
	author       = {Harra, Louise and Brooks, David H and Bale, Stuart D and Mandrini, Cristina Hemilse and Barczynski, Krzysztof and Sharma, Rohit and Badman, Samuel T and Dom{\'\i}nguez, S Vargas and Pulupa, Marc},
	year         = 2021,
	journal      = {Astronomy \& Astrophysics},
	publisher    = {EDP Sciences},
	volume       = 650,
	pages        = {A7}
}
@inproceedings{gopalswamy_2022,
	title        = {The Relation between Type III Radio Storms and CIR Energetic Particles},
	author       = {Gopalswamy, Nat and Mäkelä, Pertti and Yashiro, Seiji and Akiyama, Sachiko and Xie, Hong},
	year         = 2022,
	booktitle    = {2022 3rd URSI Atlantic and Asia Pacific Radio Science Meeting (AT-AP-RASC)},
	volume       = {},
	number       = {},
	pages        = {1--4},
	doi          = {10.23919/AT-AP-RASC54737.2022.9814336}
}
@article{sunpy_community2020,
	title        = {The SunPy Project: Open Source Development and Status of the Version 1.0 Core Package},
	author       = {{The SunPy Community} and Barnes, Will T. and Bobra, Monica G. and Christe, Steven D. and Freij, Nabil and Hayes, Laura A. and Ireland, Jack and Mumford, Stuart and Perez-Suarez, David and Ryan, Daniel F. and Shih, Albert Y. and Chanda, Prateek and Glogowski, Kolja and Hewett, Russell and Hughitt, V. Keith and Hill, Andrew and Hiware, Kaustubh and Inglis, Andrew and Kirk, Michael S. F. and Konge, Sudarshan and Mason, James Paul and Maloney, Shane Anthony and Murray, Sophie A. and Panda, Asish and Park, Jongyeob and Pereira, Tiago M. D. and Reardon, Kevin and Savage, Sabrina and Sipőcz, Brigitta M. and Stansby, David and Jain, Yash and Taylor, Garrison and Yadav, Tannmay and Rajul and Dang, Trung Kien},
	year         = 2020,
	journal      = {The Astrophysical Journal},
	publisher    = {American Astronomical Society},
	volume       = 890,
	pages        = {68-},
	doi          = {10.3847/1538-4357/ab4f7a},
	url          = {https://iopscience.iop.org/article/10.3847/1538-4357/ab4f7a},
	issue        = 1
}
@article{del2011single,
	title        = {A single picture for solar coronal outflows and radio noise storms},
	author       = {Del Zanna, Giulio and Aulanier, Guillaume and Klein, K-L and T{\"o}r{\"o}k, Tibor},
	year         = 2011,
	journal      = {Astronomy \& Astrophysics},
	publisher    = {EDP Sciences},
	volume       = 526,
	pages        = {A137}
}
@article{kong2018observational,
	title        = {Observational evidence of interchange reconnection between a solar coronal hole and a small emerging active region},
	author       = {Kong, DF and Pan, GM and Yan, XL and Wang, JC and Li, QL},
	year         = 2018,
	journal      = {The Astrophysical Journal Letters},
	publisher    = {IOP Publishing},
	volume       = 863,
	number       = 2,
	pages        = {L22}
}
@article{altschuler1969magnetic,
  title={Magnetic fields and the structure of the solar corona: I: Methods of calculating coronal fields},
  author={Altschuler, Martin D and Newkirk, Gordon},
  journal={Solar Physics},
  volume={9},
  pages={131--149},
  year={1969},
  publisher={Springer}
}
@article{schatten1969model,
  title={A model of interplanetary and coronal magnetic fields},
  author={Schatten, Kenneth H and Wilcox, John M and Ness, Norman F},
  journal={Solar Physics},
  volume={6},
  pages={442--455},
  year={1969},
  publisher={Springer}
}

@article{Thompson2006,
	author = {{Thompson, W. T.}},
	title = {Coordinate systems for solar image data},
	DOI= "10.1051/0004-6361:20054262",
	url= "https://doi.org/10.1051/0004-6361:20054262",
	journal = {A\&A},
	year = 2006,
	volume = 449,
	number = 2,
	pages = "791-803",
}

@ARTICLE{Gieseler2023,
       author = {{Gieseler}, Jan and {Dresing}, Nina and {Palmroos}, Christian and {Freiherr von Forstner}, Johan L. and {Price}, Daniel J. and {Vainio}, Rami and {Kouloumvakos}, Athanasios and {Rodr{\'\i}guez-Garc{\'\i}a}, Laura and {Trotta}, Domenico and {G{\'e}not}, Vincent and {Masson}, Arnaud and {Roth}, Markus and {Veronig}, Astrid},
        title = "{Solar-MACH: An open-source tool to analyze solar magnetic connection configurations}",
      journal = {Frontiers in Astronomy and Space Sciences},
     keywords = {Python (programming language), Software package, Solar Energetic Particle (SEP), corona, Coronal mass ejection (CME), Spacecraft, heliosphere, Astrophysics - Solar and Stellar Astrophysics, Physics - Space Physics},
         year = 2023,
        month = feb,
       volume = {9},
          eid = {384},
        pages = {384},
          doi = {10.3389/fspas.2022.1058810},
archivePrefix = {arXiv},
       eprint = {2210.00819},
 primaryClass = {astro-ph.SR},
       adsurl = {https://ui.adsabs.harvard.edu/abs/2023FrASS...958810G},
      adsnote = {Provided by the SAO/NASA Astrophysics Data System}
}

@ARTICLE{hale_1919,
       author = {{Hale}, George E. and {Ellerman}, Ferdinand and {Nicholson}, S.~B. and {Joy}, A.~H.},
        title = "{The Magnetic Polarity of Sun-Spots}",
      journal = {\apj},
         year = 1919,
        month = apr,
       volume = {49},
        pages = {153},
          doi = {10.1086/142452},
       adsurl = {https://ui.adsabs.harvard.edu/abs/1919ApJ....49..153H},
      adsnote = {Provided by the SAO/NASA Astrophysics Data System}
}

@ARTICLE{Cattell_2021,
       author = {{Cattell}, Cynthia and {Glesener}, Lindsay and {Leiran}, Benjamin and {Dombeck}, John and {Goetz}, Keith and {Mart{\'\i}nez Oliveros}, Juan Carlos and {Badman}, Samuel T. and {Pulupa}, Marc and {Bale}, Stuart D.},
        title = "{Periodicities in an active region correlated with Type III radio bursts observed by Parker Solar Probe}",
      journal = {\aap},
     keywords = {Sun: radio radiation, Sun: corona, Sun: X-rays, gamma rays, Sun: oscillations, magnetic reconnection, radiation mechanisms: non-thermal, Astrophysics - Solar and Stellar Astrophysics, Physics - Space Physics},
         year = 2021,
        month = jun,
       volume = {650},
          eid = {A6},
        pages = {A6},
          doi = {10.1051/0004-6361/202039510},
archivePrefix = {arXiv},
       eprint = {2009.10899},
 primaryClass = {astro-ph.SR},
       adsurl = {https://ui.adsabs.harvard.edu/abs/2021A&A...650A...6C},
      adsnote = {Provided by the SAO/NASA Astrophysics Data System}
}

@ARTICLE{Krupar_2020,
       author = {{Krupar}, Vratislav and {Szabo}, Adam and {Maksimovic}, Milan and {Kruparova}, Oksana and {Kontar}, Eduard P. and {Balmaceda}, Laura A. and {Bonnin}, Xavier and {Bale}, Stuart D. and {Pulupa}, Marc and {Malaspina}, David M. and {Bonnell}, John W. and {Harvey}, Peter R. and {Goetz}, Keith and {Dudok de Wit}, Thierry and {MacDowall}, Robert J. and {Kasper}, Justin C. and {Case}, Anthony W. and {Korreck}, Kelly E. and {Larson}, Davin E. and {Livi}, Roberto and {Stevens}, Michael L. and {Whittlesey}, Phyllis L. and {Hegedus}, Alexander M.},
        title = "{Density Fluctuations in the Solar Wind Based on Type III Radio Bursts Observed by Parker Solar Probe}",
      journal = {\apjs},
     keywords = {Radio astronomy, Radio bursts, Solar flares, 1338, 1339, 1496, Astrophysics - Solar and Stellar Astrophysics, Astrophysics - Earth and Planetary Astrophysics, Physics - Plasma Physics, Physics - Space Physics},
         year = 2020,
        month = feb,
       volume = {246},
       number = {2},
          eid = {57},
        pages = {57},
          doi = {10.3847/1538-4365/ab65bd},
archivePrefix = {arXiv},
       eprint = {2001.03476},
 primaryClass = {astro-ph.SR},
       adsurl = {https://ui.adsabs.harvard.edu/abs/2020ApJS..246...57K},
      adsnote = {Provided by the SAO/NASA Astrophysics Data System}
}
@Article{Ishikawa_2017,
    title={ Detection of nanoflare-heated plasma in the solar corona by the FOXSI-2 sounding rocket },
    authors={ Shin-nosuke Ishikawa and Lindsay Glesener and Säm Krucker and Säm Krucker and Steven Christe and Juan Camilo Buitrago-Casas and Noriyuki Narukage and Juliana Vievering },
    journal={ Nature Astronomy },
    year={ 2017 },
    publisher={ Nature Publishing Group },
    volume={ 1 },
    pages={ 771-774 },
    number={ 11 },
    doi={ 10.1038/S41550-017-0269-Z },  
  }
@article{Che_2018,
doi = {10.1088/1742-6596/1100/1/012005},
url = {https://dx.doi.org/10.1088/1742-6596/1100/1/012005},
year = {2018},
month = {oct},
publisher = {IOP Publishing},
volume = {1100},
number = {1},
pages = {012005},
author = {H. Che},
title = {How Nanoflares Produce Kinetic Waves, Nano-Type III Radio Bursts, and Non-Thermal Electrons in the Solar Wind},
journal = {Journal of Physics: Conference Series}
}
@article{Chhabra_2021,
doi = {10.3847/1538-4357/ac2364},
url = {https://dx.doi.org/10.3847/1538-4357/ac2364},
year = {2021},
month = {nov},
publisher = {The American Astronomical Society},
volume = {922},
number = {2},
pages = {128},
author = {Sherry Chhabra and James A. Klimchuk and Dale E. Gary},
title = {Signatures of Type III Solar Radio Bursts from Nanoflares: Modeling},
journal = {The Astrophysical Journal}
}
@article{Wu_2002,
doi = {10.1086/341468},
url = {https://dx.doi.org/10.1086/341468},
year = {2002},
month = {aug},
publisher = {},
volume = {575},
number = {2},
pages = {1094},
author = {C. S. Wu and C. B. Wang and Peter H. Yoon and H. N. Zheng and S. Wang},
title = {Generation of Type III Solar Radio Bursts in the Low Corona by Direct Amplification},
journal = {The Astrophysical Journal}
}
@ARTICLE{parker60,
		author = {{Parker}, E.~N.},
		title = {The Hydrodynamic Theory of Solar Corpuscular Radiation and Stellar Winds.},
		journal = {Astrophysical Journal},
		volume = {132},
		pages = {821},
		month = Nov,
		year = 1960,
		doi = {10.1086/146985},
		adsurl = {https://ui.adsabs.harvard.edu/abs/1960ApJ...132..821P},
		adsnote = {Provided by the SAO/NASA Astrophysics Data System}
}
@article{kontar_2019,
doi = {10.3847/1538-4357/ab40bb},
url = {https://dx.doi.org/10.3847/1538-4357/ab40bb},
year = {2019},
month = {oct},
publisher = {The American Astronomical Society},
volume = {884},
number = {2},
pages = {122},
author = {Eduard P. Kontar and Xingyao Chen and Nicolina Chrysaphi and Natasha L. S. Jeffrey and A. Gordon Emslie and Vratislav Krupar and Milan Maksimovic and Mykola Gordovskyy and Philippa K. Browning},
title = {Anisotropic Radio-wave Scattering and the Interpretation of Solar Radio Emission Observations},
journal = {The Astrophysical Journal}
}
@article{kontar_2023,
  title={An Anisotropic Density Turbulence Model from the Sun to 1 au Derived From Radio Observations},
  author={Kontar, Eduard P and Emslie, A Gordon and Clarkson, Daniel L and Chen, Xingyao and Chrysaphi, Nicolina and Azzollini, Francesco and Jeffrey, Natasha LS and Gordovskyy, Mykola},
  journal={arXiv preprint arXiv:2308.05839},
  year={2023}
}
@ARTICLE{chen_2023,
       author = {{Chen}, Xingyao and {Kontar}, Eduard P. and {Chrysaphi}, Nicolina and {Zhang}, Peijin and {Krupar}, Vratislav and {Musset}, Sophie and {Maksimovic}, Milan and {Jeffrey}, Natasha L.~S. and {Azzollini}, Francesco and {Vecchio}, Antonio},
        title = "{Source positions of an interplanetary type III radio burst and anisotropic radio-wave scattering}",
      journal = {arXiv e-prints},
     keywords = {Astrophysics - Solar and Stellar Astrophysics, Physics - Space Physics},
         year = 2023,
        month = jun,
          eid = {arXiv:2306.09160},
        pages = {arXiv:2306.09160},
          doi = {10.48550/arXiv.2306.09160},
archivePrefix = {arXiv},
       eprint = {2306.09160},
 primaryClass = {astro-ph.SR},
       adsurl = {https://ui.adsabs.harvard.edu/abs/2023arXiv230609160C},
      adsnote = {Provided by the SAO/NASA Astrophysics Data System}
}
@article{Mann_2018,
	author = {{Mann, G.} and {Breitling, F.} and {Vocks, C.} and {Aurass, H.} and {Steinmetz, M.} and {Strassmeier, K. G.} and {Bisi, M. M.} and {Fallows, R. A.} and {Gallagher, P.} and {Kerdraon, A.} and {Mackinnon, A.} and {Magdalenic, J.} and {Rucker, H.} and {Anderson, J.} and {Asgekar, A.} and {Avruch, I. M.} and {Bell, M. E.} and {Bentum, M. J.} and {Bernardi, G.} and {Best, P.} and {B\^{\i}rzan, L.} and {Bonafede, A.} and {Broderick, J. W.} and {Br\"uggen, M.} and {Butcher, H. R.} and {Ciardi, B.} and {Corstanje, A.} and {de Gasperin, F.} and {de Geus, E.} and {Deller, A.} and {Duscha, S.} and {Eisl\"offel, J.} and {Engels, D.} and {Falcke, H.} and {Fender, R.} and {Ferrari, C.} and {Frieswijk, W.} and {Garrett, M. A.} and {Grie\ss{}meier, J.} and {Gunst, A. W.} and {van Haarlem, M.} and {Hassall, T. E.} and {Heald, G.} and {Hessels, J. W. T.} and {Hoeft, M.} and {H\"orandel, J.} and {Horneffer, A.} and {Juette, E.} and {Karastergiou, A.} and {Klijn, W. F. A.} and {Kondratiev, V. I.} and {Kramer, M.} and {Kuniyoshi, M.} and {Kuper, G.} and {Maat, P.} and {Markoff, S.} and {McFadden, R.} and {McKay-Bukowski, D.} and {McKean, J. P.} and {Mulcahy, D. D.} and {Munk, H.} and {Nelles, A.} and {Norden, M. J.} and {Orru, E.} and {Paas, H.} and {Pandey-Pommier, M.} and {Pandey, V. N.} and {Pizzo, R.} and {Polatidis, A. G.} and {Rafferty, D.} and {Reich, W.} and {R\"ottgering, H.} and {Scaife, A. M. M.} and {Schwarz, D. J.} and {Serylak, M.} and {Sluman, J.} and {Smirnov, O.} and {Stappers, B. W.} and {Tagger, M.} and {Tang, Y.} and {Tasse, C.} and {ter Veen, S.} and {Thoudam, S.} and {Toribio, M. C.} and {Vermeulen, R.} and {van Weeren, R. J.} and {Wise, M. W.} and {Wucknitz, O.} and {Yatawatta, S.} and {Zarka, P.} and {Zensus, J. A.}},
	title = {Tracking of an electron beam through the solar corona with LOFAR},
	DOI= "10.1051/0004-6361/201629017",
	url= "https://doi.org/10.1051/0004-6361/201629017",
	journal = {A\&A},
	year = 2018,
	volume = 611,
	pages = "A57",
}


