@String{jgr = "J. Geophys. Res."}
@String{PTP = "Prog. Theor. Phys."}
@String{grl = "Geophys. Rev. Lett."}
@String{apj = "Astrophys. J."}
@String{aap = "Astron. Astrophys."}
@String{apjl = "Astrophys. J. Lett."}
@String{apjs = "Astrophys. J. Suppl."}
@String{aaps = "Astron. Astrophys. Suppl."}
@String{JSWSC = "J. Space Weather Space Clim."}







@BOOK{reames_2021,
       author = {{Reames}, Donald V.},
        booktitle = "{Solar Energetic Particles. A Modern Primer on Understanding Sources, Acceleration and Propagation}",
         year = 2021,
       volume = {978},
          doi = {10.1007/978-3-030-66402-2},
       adsurl = {https://ui.adsabs.harvard.edu/abs/2021LNP...978.....R},
      adsnote = {Provided by the SAO/NASA Astrophysics Data System}
}

@ARTICLE{vainio_2008,
   author = {{Vainio}, R. and {Laitinen}, T.},
    title = "{Simulations of coronal shock acceleration in self-generated turbulence}",
  journal = {Journal of Atmospheric and Solar-Terrestrial Physics},
 keywords = {Shock waves, Sun, Particle emission, Turbulence},
     year = 2008,
    month = feb,
   volume = 70,
    pages = {467-474},
      doi = {10.1016/j.jastp.2007.08.064},
   adsurl = {http://adsabs.harvard.edu/abs/2008JASTP..70..467V},
  adsnote = {Provided by the SAO/NASA Astrophysics Data System}
}


@ARTICLE{sokolov_2009,
   author = {{Sokolov}, I.~V. and {Roussev}, I.~I. and {Skender}, M. and 
	{Gombosi}, T.~I. and {Usmanov}, A.~V.},
    title = "{Transport Equation for MHD Turbulence: Application to Particle Acceleration at Interplanetary Shocks}",
  journal = {The Astrophysical Journal},
 keywords = {acceleration of particles, MHD, shock waves, Sun: coronal mass ejections: CMEs, turbulence, waves},
     year = 2009,
    month = may,
   volume = 696,
    pages = {261-267},
      doi = {10.1088/0004-637X/696/1/261},
   adsurl = {http://adsabs.harvard.edu/abs/2009ApJ...696..261S},
  adsnote = {Provided by the SAO/NASA Astrophysics Data System}
}


@article{nedal_lofar_psp_2023,
	author = {{Nedal}, Mohamed and {Kozarev}, Kamen and {Zhang}, Peijin and {Zucca} Pietro},
	title = {Coronal diagnostics of solar type III radio bursts using LOFAR and PSP observations},
	DOI= "10.1051/0004-6361/202347041",
	url= "https://doi.org/10.1051/0004-6361/202347041",
	journal = {A\&A},
	year = 2023,
	volume = 680,
	pages = "A106",
}

@ARTICLE{gopalswamy_2011,
   author = {{Gopalswamy}, N. and {Yashiro}, S.},
    title = "{The Strength and Radial Profile of the Coronal Magnetic Field from the Standoff Distance of a Coronal Mass Ejection-driven Shock}",
  journal = {apjl},
archivePrefix = "arXiv",
   eprint = {1106.4832},
 primaryClass = "astro-ph.SR",
 keywords = {shock waves, solar wind, Sun: corona, Sun: coronal mass ejections, Sun: heliosphere},
     year = 2011,
    month = jul,
   volume = 736,
      eid = {L17},
    pages = {L17},
      doi = {10.1088/2041-8205/736/1/L17},
   adsurl = {http://adsabs.harvard.edu/abs/2011ApJ...736L..17G},
  adsnote = {Provided by the SAO/NASA Astrophysics Data System}
}

@ARTICLE{ontiveross_2009,
   author = {{Ontiveros}, V. and {Vourlidas}, A.},
    title = "{Quantitative Measurements of Coronal Mass Ejection-Driven Shocks from LASCO Observations}",
  journal = {apj},
archivePrefix = "arXiv",
   eprint = {0811.3743},
 keywords = {Sun: activity, Sun: corona, Sun: coronal mass ejections: CMEs},
     year = 2009,
    month = mar,
   volume = 693,
    pages = {267-275},
      doi = {10.1088/0004-637X/693/1/267},
   adsurl = {http://adsabs.harvard.edu/abs/2009ApJ...693..267O},
  adsnote = {Provided by the SAO/NASA Astrophysics Data System}
}

@inproceedings{jackson_2010,
  title={3D Reconstruction of Density Enhancements Behind Interplanetary Shocks from Solar Mass Ejection Imager White-Light Observations},
  author={Jackson, BV and Hick, PP and Buffington, A and Bisi, MM and Clover, JM and Hamilton, MS and Tokumaru, M and Fujiki, K},
  booktitle={AIP Conference Proceedings},
  volume={1216},
  number={1},
  pages={659--662},
  year={2010},
  organization={American Institute of Physics}
}

@article{thernisien_2009,
  title={Forward modeling of coronal mass ejections using STEREO/SECCHI data},
  author={Thernisien, A and Vourlidas, A and Howard, RA},
  journal={Solar Physics},
  volume={256},
  pages={111--130},
  year={2009},
  publisher={Springer}
}

@inproceedings{mierla_2010,
  title={On the 3-D reconstruction of coronal mass ejections using coronagraph data},
  author={Mierla, Marilena and Inhester, B and Antunes, A and Boursier, Y and Byrne, JP and Colaninno, R and Davila, J and De Koning, CA and Gallagher, PT and Gissot, S and others},
  booktitle={Annales Geophysicae},
  volume={28},
  number={1},
  pages={203--215},
  year={2010},
  organization={Copernicus GmbH}
}

@article{wood_2010,
  title={Reconstructing the morphology of an evolving coronal mass ejection},
  author={Wood, BE and Howard, RA and Socker, DG},
  journal={The Astrophysical Journal},
  volume={715},
  number={2},
  pages={1524},
  year={2010},
  publisher={IOP Publishing}
}

@article{thernisien_2011,
  title={Implementation of the graduated cylindrical shell model for the three-dimensional reconstruction of coronal mass ejections},
  author={Thernisien, A},
  journal={The Astrophysical Journal Supplement Series},
  volume={194},
  number={2},
  pages={33},
  year={2011},
  publisher={IOP Publishing}
}

@article{odstrcil_2004,
  title={Numerical simulation of the 12 May 1997 interplanetary CME event},
  author={Odstrcil, D and Riley, P and Zhao, XP},
  journal={Journal of Geophysical Research: Space Physics},
  volume={109},
  number={A2},
  year={2004},
  publisher={Wiley Online Library}
}

@article{xie_2004,
  title={Cone model for halo CMEs: Application to space weather forecasting},
  author={Xie, Hong and Ofman, Leon and Lawrence, Gareth},
  journal={Journal of Geophysical Research: Space Physics},
  volume={109},
  number={A3},
  year={2004},
  publisher={Wiley Online Library}
}

@article{vrvsnak_2013,
  title={Propagation of interplanetary coronal mass ejections: The drag-based model},
  author={Vr{\v{s}}nak, Bojan and {\v{Z}}ic, Tomislav and Vrbanec, Dijana and Temmer, Manuela and Rollett, Tanja and M{\"o}stl, Christian and Veronig, Astrid and {\v{C}}alogovi{\'c}, J and Dumbovi{\'c}, M and Luli{\'c}, S and others},
  journal={Solar physics},
  volume={285},
  pages={295--315},
  year={2013},
  publisher={Springer}
}

@article{pomoell_2018,
  title={EUHFORIA: European heliospheric forecasting information asset},
  author={Pomoell, Jens and Poedts, Stefaan},
  journal={Journal of Space Weather and Space Climate},
  volume={8},
  pages={A35},
  year={2018},
  publisher={EDP sciences}
}

@article{jang_2016,
  title={Comparison between 2D and 3D parameters of 306 front-side halo CMEs from 2009 to 2013},
  author={Jang, Soojeong and Moon, Y-J and Kim, R-S and Lee, Harim and Cho, K-S},
  journal={The Astrophysical Journal},
  volume={821},
  number={2},
  pages={95},
  year={2016},
  publisher={IOP Publishing}
}

@article{verbeke_2022,
  title={Quantifying errors in 3D CME parameters derived from synthetic data using white-light reconstruction techniques},
  author={Verbeke, Christine and Mays, M Leila and Kay, Christina and Riley, Pete and Palmerio, Erika and Dumbovi{\'c}, Mateja and Mierla, Marilena and Scolini, Camilla and Temmer, Manuela and Paouris, Evangelos and others},
  journal={Advances in Space Research},
  year={2022},
  publisher={Elsevier}
}

@article{vourlidas_2003,
	Adsnote = {Provided by the SAO/NASA Astrophysics Data System},
	Adsurl = {http://adsabs.harvard.edu/abs/2003ApJ...598.1392V},
	Author = {{Vourlidas}, A. and {Wu}, S.~T. and {Wang}, A.~H. and {Subramanian}, P. and {Howard}, R.~A.},
	Doi = {10.1086/379098},
	Eprint = {arXiv:astro-ph/0308367},
	Journal = {apj},
	Keywords = {Shock Waves, Sun: Corona, Sun: Coronal Mass Ejections (CMEs)},
	Month = dec,
	Pages = {1392-1402},
	Title = {{Direct Detection of a Coronal Mass Ejection-Associated Shock in Large Angle and Spectrometric Coronagraph Experiment White-Light Images}},
	Volume = 598,
  number = 2,
	Year = 2003,
  publisher={IOP Publishing},
	Bdsk-Url-1 = {http://dx.doi.org/10.1086/379098}
}

@ARTICLE{vourlidas_2012,
       author = {{Vourlidas}, A. and {Syntelis}, P. and {Tsinganos}, K.},
        title = "{Uncovering the Birth of a Coronal Mass Ejection from Two-Viewpoint SECCHI Observations}",
      journal = {Solar Physics},
     keywords = {Coronal mass ejections, low coronal signatures, initiation and propagation, Magnetic reconnection, observational signatures, Astrophysics - Solar and Stellar Astrophysics},
         year = 2012,
        month = oct,
       volume = {280},
       number = {2},
        pages = {509-523},
          doi = {10.1007/s11207-012-9933-8},
 primaryClass = {astro-ph.SR},
       adsurl = {https://ui.adsabs.harvard.edu/abs/2012SoPh..280..509V},
      adsnote = {Provided by the SAO/NASA Astrophysics Data System}
}

@ARTICLE{zhang_2006,
       author = {{Zhang}, J. and {Dere}, K.~P.},
        title = "{A Statistical Study of Main and Residual Accelerations of Coronal Mass Ejections}",
      journal = {apj},
     keywords = {Sun: Corona, Sun: Coronal Mass Ejections (CMEs)},
         year = 2006,
        month = oct,
       volume = {649},
       number = {2},
        pages = {1100-1109},
          doi = {10.1086/506903},
       adsurl = {https://ui.adsabs.harvard.edu/abs/2006ApJ...649.1100Z},
      adsnote = {Provided by the SAO/NASA Astrophysics Data System}
}

@ARTICLE{temmer_2016,
       author = {{Temmer}, M.},
        title = "{Kinematical properties of coronal mass ejections}",
      journal = {Astronomische Nachrichten},
     keywords = {Sun: corona, Sun: coronal mass ejections (CMEs), Sun: magnetic fields, Astrophysics - Solar and Stellar Astrophysics, Physics - Space Physics},
         year = 2016,
        month = nov,
       volume = {337},
       number = {10},
        pages = {1010},
          doi = {10.1002/asna.201612425},
 primaryClass = {astro-ph.SR},
       adsurl = {https://ui.adsabs.harvard.edu/abs/2016AN....337.1010T},
      adsnote = {Provided by the SAO/NASA Astrophysics Data System}
}

@article{temmer_2021,
  title={Space weather: the solar perspective: An update to Schwenn (2006)},
  author={Temmer, Manuela},
  journal={Living Reviews in Solar Physics},
  volume={18},
  number={1},
  pages={4},
  year={2021},
  publisher={Springer}
}

@ARTICLE{bein_2011,
       author = {{Bein}, B.~M. and {Berkebile-Stoiser}, S. and {Veronig}, A.~M. and {Temmer}, M. and {Muhr}, N. and {Kienreich}, I. and {Utz}, D. and {Vr{\v{s}}nak}, B.},
        title = "{Impulsive Acceleration of Coronal Mass Ejections. I. Statistics and Coronal Mass Ejection Source Region Characteristics}",
      journal = {apj},
     keywords = {methods: statistical, Sun: coronal mass ejections: CMEs, Astrophysics - Solar and Stellar Astrophysics},
         year = 2011,
        month = sep,
       volume = {738},
       number = {2},
          eid = {191},
        pages = {191},
          doi = {10.1088/0004-637X/738/2/191},
archivePrefix = {arXiv},
       eprint = {1108.0561},
 primaryClass = {astro-ph.SR},
       adsurl = {https://ui.adsabs.harvard.edu/abs/2011ApJ...738..191B},
      adsnote = {Provided by the SAO/NASA Astrophysics Data System}
}

@ARTICLE{pesnell_2012,
       author = {{Pesnell}, W. Dean and {Thompson}, B.~J. and {Chamberlin}, P.~C.},
        title = "{The Solar Dynamics Observatory (SDO)}",
      journal = {solphys},
     keywords = {SDO, Solar cycle, Helioseismology, Coronal, Space weather},
         year = 2012,
        month = jan,
       volume = {275},
       number = {1-2},
        pages = {3-15},
          doi = {10.1007/s11207-011-9841-3},
       adsurl = {https://ui.adsabs.harvard.edu/abs/2012SoPh..275....3P},
      adsnote = {Provided by the SAO/NASA Astrophysics Data System}
}

@ARTICLE{long_2011,
   author = {{Long}, D.~M. and {DeLuca}, E.~E. and {Gallagher}, P.~T.},
    title = "{The Wave Properties of Coronal Bright Fronts Observed Using SDO/AIA}",
  journal = {apjl},
archivePrefix = "arXiv",
   eprint = {1109.5897},
 primaryClass = "astro-ph.SR",
 keywords = {Sun: corona, Sun: magnetic topology, waves},
     year = 2011,
    month = nov,
   volume = 741,
      eid = {L21},
    pages = {L21},
      doi = {10.1088/2041-8205/741/1/L21},
   adsurl = {http://adsabs.harvard.edu/abs/2011ApJ...741L..21L},
  adsnote = {Provided by the SAO/NASA Astrophysics Data System}
}

@ARTICLE{long_2014,
   author = {{Long}, D.~M. and {Bloomfield}, D.~S. and {Gallagher}, P.~T. and 
	{P{\'e}rez-Su{\'a}rez}, D.},
    title = "{CorPITA: An Automated Algorithm for the Identification and Analysis of Coronal ''EIT Waves''}",
  journal = {Solar Physics},
 primaryClass = "astro-ph.SR",
 keywords = {Feature detection, Corona, Data analysis},
     year = 2014,
    month = sep,
   volume = 289,
    pages = {3279-3295},
      doi = {10.1007/s11207-014-0527-5},
   adsurl = {http://adsabs.harvard.edu/abs/2014SoPh..289.3279L},
  adsnote = {Provided by the SAO/NASA Astrophysics Data System}
}

@ARTICLE{kozarev_2013,
   author = {{Kozarev}, K.~A. and {Evans}, R.~M. and {Schwadron}, N.~A. and 
	{Dayeh}, M.~A. and {Opher}, M. and {Korreck}, K.~E. and {van der Holst}, B.},
    title = "{Global Numerical Modeling of Energetic Proton Acceleration in a Coronal Mass Ejection Traveling through the Solar Corona}",
  journal = {The Astrophysical Journal},
 keywords = {acceleration of particles, magnetohydrodynamics: MHD, shock waves, Sun: coronal mass ejections: CMEs, Sun: heliosphere, Sun: particle emission },
     year = 2013,
    month = nov,
   volume = 778,
      eid = {43},
    pages = {43},
      doi = {10.1088/0004-637X/778/1/43},
   adsurl = {http://adsabs.harvard.edu/abs/2013ApJ...778...43K},
  adsnote = {Provided by the SAO/NASA Astrophysics Data System}
}

@article{kozarev_2022,
    title={A Multi-Event Study of Early-Stage SEP Acceleration by CME-Driven Shocks—Sun to 1 AU},
    author={Kozarev, Kamen and Nedal, Mohamed and Miteva, Rositsa and Dechev, Momchil and Zucca, Pietro},
    journal={Frontiers in Astronomy and Space Sciences},
    volume={9},
    pages={34},
    year={2022},
    publisher={Frontiers},
    URL={https://www.frontiersin.org/articles/10.3389/fspas.2022.801429},
    DOI={10.3389/fspas.2022.801429},
    ISSN={2296-987X}
}

@ARTICLE{kozarev_2016,
   author = {{Kozarev}, K.~A. and {Schwadron}, N.~A.},
    title = "{A Data-driven Analytic Model for Proton Acceleration by Large-scale Solar Coronal Shocks}",
  journal = {apj},
archivePrefix = "arXiv",
   eprint = {1608.00240},
 primaryClass = "astro-ph.SR",
 keywords = {acceleration of particles, shock waves, Sun: corona, Sun: coronal mass ejections: CMEs, Sun: particle emission },
     year = 2016,
    month = nov,
   volume = 831,
      eid = {120},
    pages = {120},
      doi = {10.3847/0004-637X/831/2/120},
   adsurl = {http://adsabs.harvard.edu/abs/2016ApJ...831..120K},
  adsnote = {Provided by the SAO/NASA Astrophysics Data System}
}

@article{schwenn_2006,
  title={Space weather: The solar perspective},
  author={Schwenn, Rainer},
  journal={Living reviews in solar physics},
  volume={3},
  number={1},
  pages={1--72},
  year={2006},
  publisher={Springer}
}

@article{pulkkinen_2007,
  title={Space weather: terrestrial perspective},
  author={Pulkkinen, Tuija},
  journal={Living Reviews in Solar Physics},
  volume={4},
  pages={1--60},
  year={2007},
  publisher={Springer}
}

@article{zhang_2012,
  title={Observation of an evolving magnetic flux rope before and during a solar eruption},
  author={Zhang, Jie and Cheng, Xin and Ding, Ming-de},
  journal={Nature communications},
  volume={3},
  number={1},
  pages={747},
  year={2012},
  publisher={Nature Publishing Group UK London}
}

@article{amari_2014,
  title={Characterizing and predicting the magnetic environment leading to solar eruptions},
  author={Amari, Tahar and Canou, Aur{\'e}lien and Aly, Jean-Jacques},
  journal={Nature},
  volume={514},
  number={7523},
  pages={465--469},
  year={2014},
  publisher={Nature Publishing Group UK London}
}

@article{moore_2001,
  title={Onset of the magnetic explosion in solar flares and coronal mass ejections},
  author={Moore, Ronald L and Sterling, Alphonse C and Hudson, Hugh S and Lemen, James R},
  journal={The Astrophysical Journal},
  volume={552},
  number={2},
  pages={833},
  year={2001},
  publisher={IOP Publishing}
}

@BOOK{priest_forbes_2007,
       author = {{Priest}, Eric and {Forbes}, Terry},
        title = "{Magnetic Reconnection}",
         year = 2007,
       adsurl = {https://ui.adsabs.harvard.edu/abs/2007mare.book.....P},
      adsnote = {Provided by the SAO/NASA Astrophysics Data System}
}

@article{shibata_2011,
  title={Solar flares: magnetohydrodynamic processes},
  author={Shibata, Kazunari and Magara, Tetsuya},
  journal={Living Reviews in Solar Physics},
  volume={8},
  number={1},
  pages={1--99},
  year={2011},
  publisher={Springer}
}

@article{benz_2017,
  title={Flare observations},
  author={Benz, Arnold O},
  journal={Living reviews in solar physics},
  volume={14},
  pages={1--59},
  year={2017},
  publisher={Springer}
}

@book{schrijver_2010,
  title={Heliophysics: Evolving solar activity and the climates of space and Earth},
  author={Schrijver, Carolus J and Siscoe, George L},
  year={2010},
  publisher={Cambridge University Press}
}

@article{eastwood_2017,
  title={The scientific foundations of forecasting magnetospheric space weather},
  author={Eastwood, JP and Nakamura, R and Turc, L and Mejnertsen, L and Hesse, M},
  journal={Space Science Reviews},
  volume={212},
  pages={1221--1252},
  year={2017},
  publisher={Springer}
}

@article{lanzerotti_2001,
  title={Space weather effects on technologies},
  author={Lanzerotti, Louis J},
  journal={Washington DC American Geophysical Union Geophysical Monograph Series},
  volume={125},
  pages={11--22},
  year={2001}
}

@article{oughton_2017,
  title={Quantifying the daily economic impact of extreme space weather due to failure in electricity transmission infrastructure},
  author={Oughton, Edward J and Skelton, Andrew and Horne, Richard B and Thomson, Alan WP and Gaunt, Charles T},
  journal={Space Weather},
  volume={15},
  number={1},
  pages={65--83},
  year={2017},
  publisher={Wiley Online Library}
}

@article{lilensten_2014,
  title={What characterizes planetary space weather?},
  author={Lilensten, Jean and Coates, Andrew J and Dehant, V{\'e}ronique and Dudok de Wit, Thierry and Horne, Richard B and Leblanc, Fran{\c{c}}ois and Luhmann, Janet and Woodfield, Emma and Barth{\'e}lemy, Mathieu},
  journal={The Astronomy and Astrophysics Review},
  volume={22},
  pages={1--39},
  year={2014},
  publisher={Springer}
}

@article{schrijver_2015a,
  title={Understanding space weather to shield society: A global road map for 2015--2025 commissioned by COSPAR and ILWS},
  author={Schrijver, Carolus J and Kauristie, Kirsti and Aylward, Alan D and Denardini, Clezio M and Gibson, Sarah E and Glover, Alexi and Gopalswamy, Nat and Grande, Manuel and Hapgood, Mike and Heynderickx, Daniel and others},
  journal={Advances in Space Research},
  volume={55},
  number={12},
  pages={2745--2807},
  year={2015},
  publisher={Elsevier}
}

@article{schrijver_2015b,
  title={Socio-economic hazards and impacts of space weather: The important range between mild and extreme},
  author={Schrijver, Carolus J},
  journal={Space Weather},
  volume={13},
  number={9},
  pages={524--528},
  year={2015},
  publisher={Wiley Online Library}
}

@article{brewer_2002,
  title={NASA's Living with a Star Program: Science with relevance},
  author={Brewer, Dana A and Barth, Janet L and Label, Kenneth A and Kauffman, William J and Giffin, Geoff},
  journal={Acta Astronautica},
  volume={51},
  number={1-9},
  pages={609--616},
  year={2002},
  publisher={Elsevier}
}

@article{warmuth_2015,
  title={Large-scale globally propagating coronal waves},
  author={Warmuth, Alexander},
  journal={Living Reviews in Solar Physics},
  volume={12},
  number={1},
  pages={1--101},
  year={2015},
  publisher={Springer}
}

@article{liu_2014,
  title={Advances in observing various coronal EUV waves in the SDO era and their seismological applications (invited review)},
  author={Liu, Wei and Ofman, Leon},
  journal={Solar Physics},
  volume={289},
  pages={3233--3277},
  year={2014},
  publisher={Springer}
}

@article{nitta_2013,
  title={Large-scale coronal propagating fronts in solar eruptions as observed by the atmospheric imaging assembly on board the solar dynamics observatory—an ensemble study},
  author={Nitta, Nariaki V and Schrijver, Carolus J and Liu, Wei and others},
  journal={The Astrophysical Journal},
  volume={776},
  number={1},
  pages={58},
  year={2013},
  publisher={IOP Publishing}
}

@article{thompson_1998,
  title={SOHO/EIT observations of an Earth-directed coronal mass ejection on May 12, 1997},
  author={Thompson, BJ and Plunkett, SP and Gurman, JB and Newmark, JS and St. Cyr, OC and Michels, DJz},
  journal={Geophysical Research Letters},
  volume={25},
  number={14},
  pages={2465--2468},
  year={1998},
  publisher={Wiley Online Library}
}

@article{lemen_2012,
  title={The atmospheric imaging assembly (AIA) on the solar dynamics observatory (SDO)},
  author={Lemen, James R and Title, Alan M and Akin, David J and Boerner, Paul F and Chou, Catherine and Drake, Jerry F and Duncan, Dexter W and Edwards, Christopher G and Friedlaender, Frank M and Heyman, Gary F and others},
  journal={Solar Physics},
  volume={275},
  number={1-2},
  pages={17--40},
  year={2012},
  publisher={Springer},
  doi={10.1007/s11207-011-9776-8},
}

@ARTICLE{aschwanden_2010,
       author = {{Aschwanden}, Markus J.},
        title = "{Image Processing Techniques and Feature Recognition in Solar Physics}",
      journal = {Solar Physics},
     keywords = {Data analysis techniques},
         year = 2010,
        month = apr,
       volume = {262},
       number = {2},
        pages = {235-275},
          doi = {10.1007/s11207-009-9474-y},
       adsurl = {https://ui.adsabs.harvard.edu/abs/2010SoPh..262..235A},
      adsnote = {Provided by the SAO/NASA Astrophysics Data System}
}

@INBOOK{perez_suarez_2011,
       author = {{P{\'e}rez-Su{\'a}rez}, David and {Higgins}, Paul A. and {Bloomfield}, D. Shaun and {McAteer}, R.~T. James and {Krista}, Larisza D. and {Byrne}, Jason P. and {Gallagher}, Peter. T.},
        title = "{Automated Solar Feature Detection for Space Weather Applications}",
     keywords = {Astrophysics, Solar and Stellar Astrophysics, Astrophysics - Solar and Stellar Astrophysics},
    booktitle = {Applied Signal and Image Processing: Multidisciplinary Advancements'' (ed. Rami Qahwaji},
         year = 2011,
        pages = {207-225},
          doi = {10.4018/978-1-60960-477-6.ch013},
       adsurl = {https://ui.adsabs.harvard.edu/abs/2011asip.book..207P},
      adsnote = {Provided by the SAO/NASA Astrophysics Data System}
}

@ARTICLE{curto_2008,
       author = {{Curto}, J.~J. and {Blanca}, M. and {Mart{\'\i}nez}, E.},
        title = "{Automatic Sunspots Detection on Full-Disk Solar Images using Mathematical Morphology}",
      journal = {Solar Physics},
     keywords = {Sunspots, Automatic detection, Mathematical morphology},
         year = 2008,
        month = aug,
       volume = {250},
       number = {2},
        pages = {411-429},
          doi = {10.1007/s11207-008-9224-6},
       adsurl = {https://ui.adsabs.harvard.edu/abs/2008SoPh..250..411C},
      adsnote = {Provided by the SAO/NASA Astrophysics Data System}
}

@ARTICLE{thompson_2009,
       author = {{Thompson}, B.~J. and {Myers}, D.~C.},
        title = "{A Catalog of Coronal ``EIT Wave'' Transients}",
      journal = {\apjs},
     keywords = {Sun: corona, Sun: UV radiation, waves},
         year = 2009,
        month = aug,
       volume = {183},
       number = {2},
        pages = {225-243},
          doi = {10.1088/0067-0049/183/2/225},
       adsurl = {https://ui.adsabs.harvard.edu/abs/2009ApJS..183..225T},
      adsnote = {Provided by the SAO/NASA Astrophysics Data System}
}

@article{veronig_2010,
  title={First observations of a dome-shaped large-scale coronal extreme-ultraviolet wave},
  author={Veronig, AM and Muhr, N and Kienreich, IW and Temmer, M and Vr{\v{s}}nak, B},
  journal={The Astrophysical Journal Letters},
  volume={716},
  number={1},
  pages={L57},
  year={2010},
  publisher={IOP Publishing}
}

@article{muhr_2014,
  title={Statistical analysis of large-scale EUV waves observed by STEREO/EUVI},
  author={Muhr, Nicole and Veronig, Astrid Maria and Kienreich, Ines Waltraud and Vr{\v{s}}nak, B and Temmer, Manuela and Bein, Bianca Maria},
  journal={Solar Physics},
  volume={289},
  pages={4563--4588},
  year={2014},
  publisher={Springer}
}

@ARTICLE{patsourakos_2010,
       author = {{Patsourakos}, S. and {Vourlidas}, A. and {Stenborg}, G.},
        title = "{The Genesis of an Impulsive Coronal Mass Ejection Observed at Ultra-high Cadence by AIA on SDO}",
      journal = {\apjl},
     keywords = {Sun: activity, Sun: corona, Sun: coronal mass ejections: CMEs, Astrophysics - Solar and Stellar Astrophysics},
         year = 2010,
        month = dec,
       volume = {724},
       number = {2},
        pages = {L188-L193},
          doi = {10.1088/2041-8205/724/2/L188},
archivePrefix = {arXiv},
       eprint = {1010.5234},
 primaryClass = {astro-ph.SR},
       adsurl = {https://ui.adsabs.harvard.edu/abs/2010ApJ...724L.188P},
      adsnote = {Provided by the SAO/NASA Astrophysics Data System}
}

@article{ma_2011,
  title={Observations and interpretation of a low coronal shock wave observed in the EUV by the SDO/AIA},
  author={Ma, Suli and Raymond, John C and Golub, Leon and Lin, Jun and Chen, Huadong and Grigis, Paolo and Testa, Paola and Long, David},
  journal={The Astrophysical Journal},
  volume={738},
  number={2},
  pages={160},
  year={2011},
  publisher={IOP Publishing}
}

@article{kozarev_2011,
	doi = {10.1088/2041-8205/733/2/l25},
	url = {https://doi.org/10.1088/2041-8205/733/2/l25},
	year = 2011,
	month = {may},
	publisher = {American Astronomical Society},
	volume = {733},
	number = {2},
	pages = {L25},
	author = {K. A. Kozarev and K. E. Korreck and V. V. Lobzin and M. A. Weber and N. A. Schwadron},
	title = {{OFF}-{LIMB} {SOLAR} {CORONAL} {WAVEFRONTS} {FROM}
		                    {SDO}
		                    /{AIA} {EXTREME}-{ULTRAVIOLET} {OBSERVATIONS}{\textemdash}{IMPLICATIONS} {FOR} {PARTICLE} {PRODUCTION}},
	journal = {The Astrophysical Journal}
}

@article{tsurutani_1985,
  title={Collisionless shocks in the heliosphere: Reviews of current research},
  author={Tsurutani, Bruce T},
  year={1985},
  publisher={American Geophysical Union}
}

@article{benz_1988,
  title={Radio emission of coronal shock waves},
  author={Benz, AO and Thejappa, G},
  year={1988},
  publisher={European Southern Observatory}
}

@article{kozarev_2015,
  title={Properties of a coronal shock wave as a driver of early SEP acceleration},
  author={Kozarev, Kamen A and Raymond, John C and Lobzin, Vasili V and Hammer, Michael},
  journal={The Astrophysical Journal},
  volume={799},
  number={2},
  pages={167},
  year={2015},
  publisher={IOP Publishing}
}

@article{klein_2017, 
  title={Acceleration and propagation of solar energetic particles},
  author={Klein, Karl-Ludwig and Dalla, Silvia},
  journal={Space Science Reviews},
  volume={212},
  pages={1107--1136},
  year={2017},
  publisher={Springer Netherlands},
  DOI={10.1007/s11214-017-0382-4}
}

@article{lin_2005, 
  title={Relationship of solar flare accelerated particles to solar energetic particles (SEPs) observed in the interplanetary medium},
  author={Lin, RP},
  journal={Advances in Space Research},
  volume={35},
  number={10},
  pages={1857--1863},
  year={2005},
  publisher={Elsevier},
  DOI={10.1016/j.asr.2005.02.087}
}

@article{lin_2011,
  title={Energy release and particle acceleration in flares: Summary and future prospects},
  author={Lin, RP},
  journal={Space science reviews},
  volume={159},
  pages={421--445},
  year={2011},
  publisher={Springer Netherlands},
  DOI={10.1007/s11214-011-9801-0}
}

@inproceedings{kahler_2017, 
  title={Flare magnetic reconnection fluxes as possible signatures of flare contributions to gradual SEP events},
  author={Kahler, SW and Kazachenko, M and Lynch, BJ and Welsch, BT},
  booktitle={Journal of Physics: Conference Series},
  volume={900},
  number={1},
  pages={012011},
  year={2017},
  organization={IOP Publishing},
  DOI={10.1088/1742-6596/900/1/012011}
}

@article{reames_2013, 
  title={The two sources of solar energetic particles},
  author={Reames, Donald V},
  journal={Space Science Reviews},
  volume={175},
  pages={53--92},
  year={2013},
  publisher={Springer Netherlands},
  DOI={10.1007/s11214-013-9958-9}
}

@article{desai_2016, 
  title={Large gradual solar energetic particle events},
  author={Desai, Mihir and Giacalone, Joe},
  journal={Living Reviews in Solar Physics},
  volume={13},
  number={1},
  pages={3},
  year={2016},
  publisher={Springer Netherlands},
  DOI={10.1007/s41116-016-0002-5}
}

@article{kahler_1984, 
  title={Associations between coronal mass ejections and solar energetic proton events},
  author={Kahler, SW and Sheeley Jr, NR and Howard, RA and Koomen, MJ and Michels, DJ and McGuire, RE v and von Rosenvinge, TT and Reames, DV},
  journal={Journal of Geophysical Research: Space Physics},
  volume={89},
  number={A11},
  pages={9683--9693},
  year={1984},
  publisher={Wiley Online Library},
  DOI={10.1029/JA089iA11p09683}
}

@article{chen_2016,
  title={Global coronal waves},
  author={Chen, PF},
  journal={Low-Frequency Waves in Space Plasmas},
  pages={379--394},
  year={2016},
  publisher={Wiley Online Library}
}

@article{vrsnak_2008,
  title={Origin of coronal shock waves: Invited review},
  author={Vr{\v{s}}nak, Bojan and Cliver, Edward W},
  journal={Solar Physics},
  volume={253},
  pages={215--235},
  year={2008},
  publisher={Springer}
}

@article{wills_2007,
  title={Are “EIT waves” fast-mode MHD waves?},
  author={Wills-Davey, MJ and DeForest, CE and Stenflo, Jan Olof},
  journal={The Astrophysical Journal},
  volume={664},
  number={1},
  pages={556},
  year={2007},
  publisher={IOP Publishing}
}

@article{delannee_1999,
  title={CME associated with transequatorial loops and a bald patch flare},
  author={Delann{\'e}e, C and Aulanier, G},
  journal={Solar Physics},
  volume={190},
  pages={107--129},
  year={1999},
  publisher={Springer}
}

@article{chen_2002,
doi = {10.1086/341486},
url = {https://dx.doi.org/10.1086/341486},
year = {2002},
month = {may},
publisher = {},
volume = {572},
number = {1},
pages = {L99},
author = {P. F. Chen and S. T. Wu and K. Shibata and C. Fang},
title = {Evidence of EIT and Moreton Waves in Numerical Simulations},
journal = {The Astrophysical Journal},
abstract = {Solar coronal mass ejections (CMEs) are associated with many dynamical phenomena, among which EIT waves have always been a puzzle. In this Letter MHD processes of CME-induced wave phenomena are numerically simulated. It is shown that as the flux rope rises, a piston-driven shock is formed along the envelope of the expanding CME, which sweeps the solar surface as it propagates. We propose that the legs of the shock produce Moreton waves. Simultaneously, a slower moving wavelike structure, with an enhanced plasma region ahead, is discerned, which we propose corresponds to the observed EIT waves. The mechanism for EIT waves is therefore suggested, and their relation with Moreton waves and radio bursts is discussed.}
}

@article{patsourakos_2012,
  title={On the nature and genesis of EUV waves: a synthesis of observations from SOHO, STEREO, SDO, and Hinode (Invited Review)},
  author={Patsourakos, Spiros and Vourlidas, Angelos},
  journal={Solar Physics},
  volume={281},
  pages={187--222},
  year={2012},
  publisher={Springer}
}

@article{long_2017,
  title={Understanding the physical nature of coronal “EIT waves”},
  author={Long, David M and Bloomfield, D Shaun and Chen, Peng-Fei and Downs, Cooper and Gallagher, Peter T and Kwon, R-Y and Vanninathan, Kamalam and Veronig, Astrid M and Vourlidas, Angelos and Vr{\v{s}}nak, Bojan and others},
  journal={Solar physics},
  volume={292},
  pages={1--24},
  year={2017},
  publisher={Springer}
}

@ARTICLE{kwon_2014,
       author = {{Kwon}, Ryun-Young and {Zhang}, Jie and {Olmedo}, Oscar},
        title = "{New Insights into the Physical Nature of Coronal Mass Ejections and Associated Shock Waves within the Framework of the Three-dimensional Structure}",
      journal = {The Astrophysical Journal},
     keywords = {Sun: corona, Sun: coronal mass ejections: CMEs, waves},
         year = 2014,
        month = oct,
       volume = {794},
       number = {2},
          eid = {148},
        pages = {148},
          doi = {10.1088/0004-637X/794/2/148},
       adsurl = {https://ui.adsabs.harvard.edu/abs/2014ApJ...794..148K},
      adsnote = {Provided by the SAO/NASA Astrophysics Data System}
}

@article{rouillard_2012,
doi = {10.1088/0004-637X/752/1/44},
url = {https://dx.doi.org/10.1088/0004-637X/752/1/44},
year = {2012},
month = {may},
publisher = {The American Astronomical Society},
volume = {752},
number = {1},
pages = {44},
author = {A. P. Rouillard and N. R. Sheeley and A. Tylka and A. Vourlidas and C. K. Ng and C. Rakowski and C. M. S. Cohen and R. A. Mewaldt and G. M. Mason and D. Reames and N. P. Savani and O. C. StCyr and A. Szabo},
title = {THE LONGITUDINAL PROPERTIES OF A SOLAR ENERGETIC PARTICLE EVENT INVESTIGATED USING MODERN SOLAR IMAGING},
journal = {The Astrophysical Journal}
}

@ARTICLE{rouillard_2016,
       author = {{Rouillard}, A.~P. and {Plotnikov}, I. and {Pinto}, R.~F. and {Tirole}, M. and {Lavarra}, M. and {Zucca}, P. and {Vainio}, R. and {Tylka}, A.~J. and {Vourlidas}, A. and {De Rosa}, M.~L. and {Linker}, J. and {Warmuth}, A. and {Mann}, G. and {Cohen}, C.~M.~S. and {Mewaldt}, R.~A.},
        title = "{Deriving the Properties of Coronal Pressure Fronts in 3D: Application to the 2012 May 17 Ground Level Enhancement}",
      journal = {The Astrophysical Journal},
     keywords = {shock waves, Sun: coronal mass ejections: CMEs, Sun: particle emission, Astrophysics - Solar and Stellar Astrophysics},
         year = 2016,
        month = dec,
       volume = {833},
       number = {1},
          eid = {45},
        pages = {45},
          doi = {10.3847/1538-4357/833/1/45},
 primaryClass = {astro-ph.SR},
       adsurl = {https://ui.adsabs.harvard.edu/abs/2016ApJ...833...45R},
      adsnote = {Provided by the SAO/NASA Astrophysics Data System}
}

@article{park_2013,
doi = {10.1088/0004-637X/779/2/184},
url = {https://dx.doi.org/10.1088/0004-637X/779/2/184},
year = {2013},
month = {dec},
publisher = {The American Astronomical Society},
volume = {779},
number = {2},
pages = {184},
author = {Jinhye Park and D. E. Innes and R. Bucik and Y.-J. Moon},
title = {THE SOURCE REGIONS OF SOLAR ENERGETIC PARTICLES DETECTED BY WIDELY SEPARATED SPACECRAFT},
journal = {The Astrophysical Journal}
}

@article{reid_2014,
title = {A review of solar type III radio bursts},
author={Reid, Hamish Andrew Sinclair and Ratcliffe, Heather},
journal = {Research in Astronomy and Astrophysics},
volume = {14},
number = {7},
pages = {773},
month = {jul},
year = {2014},
publisher={IoP Publishing},
doi = {10.1088/1674-4527/14/7/003},
url = {https://dx.doi.org/10.1088/1674-4527/14/7/003}
}

@article{melrose_1980,
  title={The emission mechanisms for solar radio bursts},
  author={Melrose, DB},
  journal={Space Science Reviews},
  volume={26},
  pages={3--38},
  year={1980},
  publisher={Springer}
}

@article{reid_2017,
  title={Coronal type III radio bursts and their X-ray flare and interplanetary type III counterparts},
  author={Reid, Hamish AS and Vilmer, Nicole},
  journal={Astronomy \& Astrophysics},
  volume={597},
  pages={A77},
  year={2017},
  publisher={EDP Sciences}
}

@article{krucker_2011,
doi = {10.1088/0004-637X/739/2/96},
url = {https://dx.doi.org/10.1088/0004-637X/739/2/96},
year = {2011},
month = {sep},
publisher = {The American Astronomical Society},
volume = {739},
number = {2},
pages = {96},
author = {Säm Krucker and H. S. Hudson and N. L. S. Jeffrey and M. Battaglia and E. P. Kontar and A. O. Benz and A. Csillaghy and R. P. Lin},
title = {HIGH-RESOLUTION IMAGING OF SOLAR FLARE RIBBONS AND ITS IMPLICATION ON THE THICK-TARGET BEAM MODEL},
journal = {The Astrophysical Journal}
}

@article{klassen_2003a,
  title={Superluminal apparent velocities of relativistic electron beams in the solar corona},
  author={Klassen, A and Karlick{\`y}, M and Mann, G},
  journal={Astronomy \& Astrophysics},
  volume={410},
  number={1},
  pages={307--314},
  year={2003},
  publisher={EDP Sciences}
}

@article{klassen_2003b,
  title={Type II radio precursor and X-ray flare emission},
  author={Klassen, A and Pohjolainen, Silja and Klein, K-L},
  journal={Solar Physics},
  volume={218},
  pages={197--210},
  year={2003},
  publisher={Springer}
}

@article{wild_1963,
  title={Solar bursts},
  author={Wild, JP and Smerd, SF and Weiss, AA},
  journal={Annual Review of Astronomy and Astrophysics},
  volume={1},
  number={1},
  pages={291--366},
  year={1963},
  publisher={Annual Reviews 4139 El Camino Way, PO Box 10139, Palo Alto, CA 94303-0139, USA}
}

@article{cane_2002,
  title={Solar flares, type III radio bursts, coronal mass ejections, and energetic particles},
  author={Cane, Hilary V and Erickson, WC and Prestage, NP},
  journal={Journal of Geophysical Research: Space Physics},
  volume={107},
  number={A10},
  pages={SSH--14},
  year={2002},
  publisher={Wiley Online Library}
}

@article{macdowall_2003,
  title={Long-duration hectometric type III radio bursts and their association with solar energetic particle (SEP) events},
  author={MacDowall, RJ and Lara, A and Manoharan, PK and Nitta, NV and Rosas, AM and Bougeret, Jean-Louis},
  journal={Geophysical research letters},
  volume={30},
  number={12},
  year={2003},
  publisher={Wiley Online Library}
}

@article{wild_1950a,
  title={Observatioas of the spectrum of high-intensity solar radiation at metre wavelengths. i. the apparatus and spectral types of solar burst observed},
  author={Wild, JP and McCready, LL},
  journal={Australian Journal of Chemistry},
  volume={3},
  number={3},
  pages={387--398},
  year={1950},
  publisher={CSIRO Publishing}
}

@article{wild_1950b,
  title={Observations of the spectrum of high-intensity solar radiation at metre wavelength. II. Outbursts},
  author={Wild, JP},
  journal={Australian Journal of Chemistry},
  volume={3},
  number={3},
  pages={399--408},
  year={1950},
  publisher={CSIRO Publishing}
}

@article{wild_1950c,
  title={Observations of the spectrum of high-intensity solar radiation at metre wavelengths. III. Isolated bursts},
  author={Wild, JP},
  journal={Australian Journal of Chemistry},
  volume={3},
  number={4},
  pages={541--557},
  year={1950},
  publisher={CSIRO Publishing}
}

@article{reid_2018a,
  title={Spatial expansion and speeds of type III electron beam sources in the solar corona},
  author={Reid, Hamish AS and Kontar, Eduard P},
  journal={The Astrophysical Journal},
  volume={867},
  number={2},
  pages={158},
  year={2018},
  publisher={IOP Publishing}
}

@article{reid_2018b,
  title={Solar type III radio burst time characteristics at LOFAR frequencies and the implications for electron beam transport},
  author={Reid, Hamish AS and Kontar, Eduard P},
  journal={Astronomy \& Astrophysics},
  volume={614},
  pages={A69},
  year={2018},
  publisher={EDP Sciences}
}

@article{li_2012a,
doi = {10.1088/0004-637X/753/2/124},
url = {https://dx.doi.org/10.1088/0004-637X/753/2/124},
year = {2012},
month = {jun},
publisher = {The American Astronomical Society},
volume = {753},
number = {2},
pages = {124},
author = {B. Li and Iver H. Cairns},
title = {TYPE III RADIO BURSTS PERTURBED BY WEAK CORONAL SHOCKS},
journal = {The Astrophysical Journal}
}

@article{reames_1999,
  title={Particle acceleration at the Sun and in the heliosphere},
  author={Reames, Donald V},
  journal={Space Science Reviews},
  volume={90},
  number={3-4},
  pages={413--491},
  year={1999},
  publisher={Springer}
}

@article{vainio_2009,
  title={Dynamics of the Earth's particle radiation environment},
  author={Vainio, Rami and Desorgher, Laurent and Heynderickx, Daniel and Storini, Marisa and Fl{\"u}ckiger, Erwin and Horne, Richard B and Kovaltsov, Gennady A and Kudela, Karel and Laurenza, Monica and McKenna-Lawlor, Susan and others},
  journal={Space science reviews},
  volume={147},
  pages={187--231},
  year={2009},
  publisher={Springer}
}

@article{aran_2006,
  title={SOLPENCO: A solar particle engineering code},
  author={Aran, A and Sanahuja, B and Lario, D},
  journal={Advances in Space Research},
  volume={37},
  number={6},
  pages={1240--1246},
  year={2006},
  publisher={Elsevier}
}

@article{laitinen_2017,
  title={Energetic particle transport across the mean magnetic field: before diffusion},
  author={Laitinen, T and Dalla, S},
  journal={The Astrophysical Journal},
  volume={834},
  number={2},
  pages={127},
  year={2017},
  publisher={IOP Publishing}
}

@article{laurenza_2009,
  title={A technique for short-term warning of solar energetic particle events based on flare location, flare size, and evidence of particle escape},
  author={Laurenza, M and Cliver, EW and Hewitt, J and Storini, M and Ling, AG and Balch, CC and Kaiser, ML},
  journal={Space Weather},
  volume={7},
  number={4},
  year={2009},
  publisher={Wiley Online Library}
}

@article{camporeale_2019,
  title={The challenge of machine learning in space weather: Nowcasting and forecasting},
  author={Camporeale, Enrico},
  journal={Space weather},
  volume={17},
  number={8},
  pages={1166--1207},
  year={2019},
  publisher={Wiley Online Library}
}

@article{florios_2018,
  title={Forecasting solar flares using magnetogram-based predictors and machine learning},
  author={Florios, Kostas and Kontogiannis, Ioannis and Park, Sung-Hong and Guerra, Jordan A and Benvenuto, Federico and Bloomfield, D Shaun and Georgoulis, Manolis K},
  journal={Solar Physics},
  volume={293},
  number={2},
  pages={28},
  year={2018},
  publisher={Springer}
}

@article{biesecker_2002,
  title={Solar phenomena associated with “EIT waves”},
  author={Biesecker, DA and Myers, DC and Thompson, BJ and Hammer, DM and Vourlidas, A},
  journal={The Astrophysical Journal},
  volume={569},
  number={2},
  pages={1009},
  year={2002},
  publisher={IOP Publishing}
}

@article{suzuki_1985,
  title={Solar Radiophysics},
  author={Suzuki, S and Dulk, GA},
  journal={Cambridge: Cambridge University Press},
  pages={289--295},
  year={1985}
}

@article{holman_2011,
  title={Implications of X-ray observations for electron acceleration and propagation in solar flares},
  author={Holman, Gordon D and Aschwanden, Markus J and Aurass, Henry and Battaglia, Marina and Grigis, Paolo C and Kontar, Eduard P and Liu, Wei and Saint-Hilaire, Pascal and Zharkova, Valentina V},
  journal={Space science reviews},
  volume={159},
  pages={107--166},
  year={2011},
  publisher={Springer}
}

@ARTICLE{chen_2013a,
       author = {{Chen}, Bin and {Bastian}, T.~S. and {White}, S.~M. and {Gary}, D.~E. and {Perley}, R. and {Rupen}, M. and {Carlson}, B.},
        title = "{Tracing Electron Beams in the Sun's Corona with Radio Dynamic Imaging Spectroscopy}",
      journal = {\apjl},
         year = 2013,
        month = jan,
       volume = {763},
       number = {1},
          eid = {L21},
        pages = {L21},
          doi = {10.1088/2041-8205/763/1/L21},
archivePrefix = {arXiv},
       eprint = {1211.3058},
 primaryClass = {astro-ph.SR},
       adsurl = {https://ui.adsabs.harvard.edu/abs/2013ApJ...763L..21C},
      adsnote = {Provided by the SAO/NASA Astrophysics Data System}
}

@article{kontar_2017,
	title        = {Imaging spectroscopy of solar radio burst fine structures},
	author       = {Kontar, Eduard P and Yu, Sijie and Kuznetsov, AA and Emslie, AG and Alcock, B and Jeffrey, NLS and Melnik, VN and Bian, NH and Subramanian, P},
	year         = 2017,
  month        = Nov,
	journal      = {Nature communications},
	publisher    = {Nature Publishing Group UK London},
	volume       = 8,
	number       = 1,
	pages        = 1515,
  doi = {10.1038/s41467-017-01307-8}
}

@ARTICLE{kahler_2007,
       author = {{Kahler}, S.~W. and {Cliver}, E.~W. and {Ling}, A.~G.},
        title = "{Validating the proton prediction system (PPS)}",
      journal = {Journal of Atmospheric and Solar-Terrestrial Physics},
         year = 2007,
        month = feb,
       volume = {69},
       number = {1-2},
        pages = {43-49},
          doi = {10.1016/j.jastp.2006.06.009},
       adsurl = {https://ui.adsabs.harvard.edu/abs/2007JASTP..69...43K},
      adsnote = {Provided by the SAO/NASA Astrophysics Data System}
}

@ARTICLE{magdalenic_2010,
       author = {{Magdaleni{\'c}}, J. and {Marqu{\'e}}, C. and {Zhukov}, A.~N. and {Vr{\v{s}}nak}, B. and {{\v{Z}}ic}, T.},
        title = "{Origin of Coronal Shock Waves Associated with Slow Coronal Mass Ejections}",
      journal = {\apj},
     keywords = {shock waves, Sun: corona, Sun: coronal mass ejections: CMEs, Sun: flares, Sun: radio radiation},
         year = 2010,
        month = jul,
       volume = {718},
       number = {1},
        pages = {266-278},
          doi = {10.1088/0004-637X/718/1/266},
       adsurl = {https://ui.adsabs.harvard.edu/abs/2010ApJ...718..266M},
      adsnote = {Provided by the SAO/NASA Astrophysics Data System}
}

@ARTICLE{nindos_2008,
       author = {{Nindos}, A. and {Aurass}, H. and {Klein}, K. -L. and {Trottet}, G.},
        title = "{Radio Emission of Flares and Coronal Mass Ejections. Invited Review}",
      journal = {\solphys},
     keywords = {Sun, Flares, Coronal mass ejections, Radio radiation, Corona},
         year = 2008,
        month = dec,
       volume = {253},
       number = {1-2},
        pages = {3-41},
          doi = {10.1007/s11207-008-9258-9},
       adsurl = {https://ui.adsabs.harvard.edu/abs/2008SoPh..253....3N},
      adsnote = {Provided by the SAO/NASA Astrophysics Data System}
}

@INBOOK{pick_cme_2006,
       author = {{Pick}, M. and {Forbes}, T.~G. and {Mann}, G. and {Cane}, H.~V. and {Chen}, J. and {Ciaravella}, A. and {Cremades}, H. and {Howard}, R.~A. and {Hudson}, H.~S. and {Klassen}, A. and {Klein}, K.~L. and {Lee}, M.~A. and {Linker}, J.~A. and {Maia}, D. and {Mikic}, Z. and {Raymond}, J.~C. and {Reiner}, M.~J. and {Simnett}, G.~M. and {Srivastava}, N. and {Tripathi}, D. and {Vainio}, R. and {Vourlidas}, A. and {Zhang}, J. and {Zurbuchen}, T.~H. and {Sheeley}, N.~R. and {Marqu{\'e}}, C.},
        title = "{Multi-Wavelength Observations of CMEs and Associated Phenomena}",
    booktitle = {Coronal Mass Ejections},
         year = 2006,
       volume = {21},
        pages = {341},
          doi = {10.1007/978-0-387-45088-9\_14},
       adsurl = {https://ui.adsabs.harvard.edu/abs/2006cme..book..341P},
      adsnote = {Provided by the SAO/NASA Astrophysics Data System}
}

@article{greenwade93,
    author  = "George D. Greenwade",
    title   = "The {C}omprehensive {T}ex {A}rchive {N}etwork ({CTAN})",
    year    = "1993",
    journal = "TUGBoat",
    volume  = "14",
    number  = "3",
    pages   = "342--351"
}

@article{fox16,
	title        = {The solar probe plus mission: humanity’s first visit to our star},
	author       = {Fox, NJ and Velli, MC and Bale, SD and Decker, R and Driesman, A and Howard, RA and Kasper, Justin C and Kinnison, J and Kusterer, M and Lario, D and others},
	year         = 2016,
	journal      = {Space Science Reviews},
	publisher    = {Springer},
	volume       = 204,
	number       = 1,
	pages        = {7--48}
}

@article{bale16,
	title        = {The FIELDS instrument suite for solar probe plus},
	author       = {Bale, SD and Goetz, K and Harvey, PR and Turin, P and Bonnell, JW and Dudok de Wit, T and Ergun, RE and MacDowall, RJ and Pulupa, M and Andr{\'e}, Mats and others},
	year         = 2016,
	journal      = {Space science reviews},
	publisher    = {Springer},
	volume       = 204,
	number       = 1,
	pages        = {49--82}
}

@article{zhang2019forward,
          title={Forward modeling of the type III radio burst exciter},
          author={Zhang, Peijin and Wang, Chuanbing and Ye, Lin and Wang, Yuming},
          journal={Solar Physics},
          volume={294},
          number={5},
          pages={62},
          year={2019},
          publisher={Springer}
}

@article{pulupa17,
	title        = {The Solar Probe Plus Radio Frequency Spectrometer: measurement requirements, analog design, and digital signal processing},
	author       = {Pulupa, M and Bale, SD and Bonnell, JW and Bowen, TA and Carruth, N and Goetz, K and Gordon, D and Harvey, PR and Maksimovic, M and Mart{\'\i}nez-Oliveros, JC and others},
	year         = 2017,
	journal      = {Journal of Geophysical Research: Space Physics},
	publisher    = {Wiley Online Library},
	volume       = 122,
	number       = 3,
	pages        = {2836--2854}
}

@ARTICLE{pulupa20,
       author = {{Pulupa}, Marc and {Bale}, Stuart D. and {Badman}, Samuel T. and {Bonnell}, J.~W. and {Case}, Anthony W. and {de Wit}, Thierry Dudok and {Goetz}, Keith and {Harvey}, Peter R. and {Hegedus}, Alexander M. and {Kasper}, Justin C. and {Korreck}, Kelly E. and {Krasnoselskikh}, Vladimir and {Larson}, Davin and {Lecacheux}, Alain and {Livi}, Roberto and {MacDowall}, Robert J. and {Maksimovic}, Milan and {Malaspina}, David M. and {Mart{\'\i}nez Oliveros}, Juan Carlos and {Meyer-Vernet}, Nicole and {Moncuquet}, Michel and {Stevens}, Michael and {Whittlesey}, Phyllis},
        title = "{Statistics and Polarization of Type III Radio Bursts Observed in the Inner Heliosphere}",
      journal = {\apjs},
     keywords = {Solar radio emission, Radio bursts, Heliosphere, Space vehicle instruments, 1522, 1339, 711, 1548, Astrophysics - Solar and Stellar Astrophysics, Physics - Space Physics},
         year = 2020,
        month = feb,
       volume = {246},
       number = {2},
          eid = {49},
        pages = {49},
          doi = {10.3847/1538-4365/ab5dc0},
archivePrefix = {arXiv},
       eprint = {1912.03371},
 primaryClass = {astro-ph.SR},
       adsurl = {https://ui.adsabs.harvard.edu/abs/2020ApJS..246...49P},
      adsnote = {Provided by the SAO/NASA Astrophysics Data System}
}

@article{lofar13,
	title        = {LOFAR: The low-frequency array},
	author       = {van Haarlem, Michael P and Wise, Michael W and Gunst, AW and Heald, George and McKean, John P and Hessels, Jason WT and de Bruyn, A Ger and Nijboer, Ronald and Swinbank, John and Fallows, Richard and others},
	year         = 2013,
	journal      = {Astronomy \& astrophysics},
	publisher    = {EDP Sciences},
	volume       = 556,
	pages        = {A2}
}

@article{pfss20,
	title        = {pfsspy: A Python package for potential field source surface modelling},
	author       = {David Stansby and Anthony Yeates and Samuel T. Badman},
	year         = 2020,
	journal      = {Journal of Open Source Software},
	publisher    = {The Open Journal},
	volume       = 5,
	number       = 54,
	pages        = 2732,
	doi          = {10.21105/joss.02732},
	url          = {https://doi.org/10.21105/joss.02732}
}

@article{mhd99,
	title        = {Magnetohydrodynamic modeling of the global solar corona},
	author       = {Miki{\'c}, Zoran and Linker, Jon A and Schnack, Dalton D and Lionello, Roberto and Tarditi, Alfonso},
	year         = 1999,
	journal      = {Physics of Plasmas},
	publisher    = {American Institute of Physics},
	volume       = 6,
	number       = 5,
	pages        = {2217--2224}
}

@article{wild50,
	title        = {{Observations of the Spectrum of High-Intensity Solar Radiation at Metre Wavelengths. I. The Apparatus and Spectral Types of Solar Burst Observed}},
	author       = {{Wild}, J.~P. and {McCready}, L.~L.},
	year         = 1950,
	month        = sep,
	journal      = {Australian Journal of Scientific Research A Physical Sciences},
	volume       = 3,
	pages        = 387,
	doi          = {10.1071/CH9500387},
	adsurl       = {https://ui.adsabs.harvard.edu/abs/1950AuSRA...3..387W},
	adsnote      = {Provided by the SAO/NASA Astrophysics Data System}
}

@article{ergun98,
	title        = {Wind spacecraft observations of solar impulsive electron events associated with solar type III radio bursts},
	author       = {Ergun, RE and Larson, D and Lin, RP and McFadden, JP and Carlson, CW and Anderson, KA and Muschietti, L and McCarthy, M and Parks, GK and Reme, H and others},
	year         = 1998,
	journal      = {The Astrophysical Journal},
	publisher    = {IOP Publishing},
	volume       = 503,
	number       = 1,
	pages        = 435
}

@article{reid20,
	title        = {A review of recent solar type III imaging spectroscopy},
	author       = {Reid, Hamish AS},
	year         = 2020,
	journal      = {Frontiers in Astronomy and Space Sciences},
	publisher    = {Frontiers Media SA},
	volume       = 7,
	pages        = 56
}

@incollection{pick6,
	title        = {{Radio Emissions from the Sun and the Interplanetary Medium}},
	author       = {{Pick}, M.},
	year         = 2006,
	booktitle    = {Solar and Heliospheric Origins of Space Weather Phenomena},
	volume       = 699,
	pages        = 119,
	doi          = {10.1007/3-540-33759-8_6},
	editor       = {{Rozelot}, Jean-Pierre},
	adsurl       = {https://ui.adsabs.harvard.edu/abs/2006LNP...699..119P},
	adsnote      = {Provided by the SAO/NASA Astrophysics Data System}
}

@article{dppp18,
	title        = {Dppp: Default pre-processing pipeline},
	author       = {van Diepen, Ger and Dijkema, Tammo Jan and Offringa, Andr{\'e}},
	year         = 2018,
	journal      = {Astrophysics Source Code Library},
	pages        = {ascl--1804}
}

@article{wsclean14,
	title        = {{WSCLEAN: an implementation of a fast, generic wide-field imager for radio astronomy}},
	author       = {{Offringa}, A.~R. and {McKinley}, B. and {Hurley-Walker}, N. and {Briggs}, F.~H. and {Wayth}, R.~B. and {Kaplan}, D.~L. and {Bell}, M.~E. and {Feng}, L. and {Neben}, A.~R. and {Hughes}, J.~D. and {Rhee}, J. and {Murphy}, T. and {Bhat}, N.~D.~R. and {Bernardi}, G. and {Bowman}, J.~D. and {Cappallo}, R.~J. and {Corey}, B.~E. and {Deshpande}, A.~A. and {Emrich}, D. and {Ewall-Wice}, A. and {Gaensler}, B.~M. and {Goeke}, R. and {Greenhill}, L.~J. and {Hazelton}, B.~J. and {Hindson}, L. and {Johnston-Hollitt}, M. and {Jacobs}, D.~C. and {Kasper}, J.~C. and {Kratzenberg}, E. and {Lenc}, E. and {Lonsdale}, C.~J. and {Lynch}, M.~J. and {McWhirter}, S.~R. and {Mitchell}, D.~A. and {Morales}, M.~F. and {Morgan}, E. and {Kudryavtseva}, N. and {Oberoi}, D. and {Ord}, S.~M. and {Pindor}, B. and {Procopio}, P. and {Prabu}, T. and {Riding}, J. and {Roshi}, D.~A. and {Shankar}, N. Udaya and {Srivani}, K.~S. and {Subrahmanyan}, R. and {Tingay}, S.~J. and {Waterson}, M. and {Webster}, R.~L. and {Whitney}, A.~R. and {Williams}, A. and {Williams}, C.~L.},
	year         = 2014,
	month        = oct,
	journal      = {\mnras},
	volume       = 444,
	number       = 1,
	pages        = {606--619},
	doi          = {10.1093/mnras/stu1368},
	keywords     = {instrumentation: interferometers, methods: observational, techniques: interferometric, radio continuum: general, Astrophysics - Instrumentation and Methods for Astrophysics},
	archiveprefix = {arXiv},
	eprint       = {1407.1943},
	primaryclass = {astro-ph.IM},
	adsurl       = {https://ui.adsabs.harvard.edu/abs/2014MNRAS.444..606O},
	adsnote      = {Provided by the SAO/NASA Astrophysics Data System}
}

@article{gong96,
	title        = {{The Global Oscillation Network Group (GONG) Project}},
	author       = {{Harvey}, J.~W. and {Hill}, F. and {Hubbard}, R.~P. and {Kennedy}, J.~R. and {Leibacher}, J.~W. and {Pintar}, J.~A. and {Gilman}, P.~A. and {Noyes}, R.~W. and {Title}, A.~M. and {Toomre}, J. and {Ulrich}, R.~K. and {Bhatnagar}, A. and {Kennewell}, J.~A. and {Marquette}, W. and {Patron}, J. and {Saa}, O. and {Yasukawa}, E.},
	year         = 1996,
	month        = may,
	journal      = {Science},
	volume       = 272,
	number       = 5266,
	pages        = {1284--1286},
	doi          = {10.1126/science.272.5266.1284},
	adsurl       = {https://ui.adsabs.harvard.edu/abs/1996Sci...272.1284H},
	adsnote      = {Provided by the SAO/NASA Astrophysics Data System}
}

@article{zhang18,
	title        = {A type III radio burst automatic analysis system and statistic results for a half solar cycle with Nan{\c{c}}ay Decameter Array data},
	author       = {Zhang, PJ and Wang, Chuan Bing and Ye, Lin},
	year         = 2018,
	journal      = {Astronomy \& Astrophysics},
	publisher    = {EDP Sciences},
	volume       = 618,
	pages        = {A165}
}

@article{badman22,
doi = {10.3847/1538-4357/ac90c2},
url = {https://dx.doi.org/10.3847/1538-4357/ac90c2},
year = {2022},
month = {oct},
publisher = {The American Astronomical Society},
volume = {938},
number = {2},
pages = {95},
author = {Samuel T. Badman and Eoin Carley and Luis Alberto Cañizares and Nina Dresing and Lan K. Jian and David Lario and Peter T. Gallagher and Juan C. Martínez Oliveros and Marc Pulupa and Stuart D. Bale},
title = {Tracking a Beam of Electrons from the Low Solar Corona into Interplanetary Space with the Low Frequency Array, Parker Solar Probe, and 1 au Spacecraft},
journal = {The Astrophysical Journal}
}

@ARTICLE{newkirk61,
       author = {{Newkirk}, Gordon, Jr.},
        title = "{The Solar Corona in Active Regions and the Thermal Origin of the Slowly Varying Component of Solar Radio Radiation.}",
      journal = {\apj},
         year = 1961,
        month = may,
       volume = {133},
        pages = {983},
          doi = {10.1086/147104},
       adsurl = {https://ui.adsabs.harvard.edu/abs/1961ApJ...133..983N},
      adsnote = {Provided by the SAO/NASA Astrophysics Data System}
}

@article{newkirk67,
author = {Newkirk, Gordon},
title = {Structure of the Solar Corona},
journal = {Annual Review of Astronomy and Astrophysics},
volume = {5},
number = {1},
pages = {213-266},
year = {1967},
doi = {10.1146/annurev.aa.05.090167.001241},
URL = {https://doi.org/10.1146/annurev.aa.05.090167.001241},
eprint = {https://doi.org/10.1146/annurev.aa.05.090167.001241}
}

@article{young18,
	title        = {Solar ultraviolet bursts},
	author       = {Young, Peter R and Tian, Hui and Peter, Hardi and Rutten, Robert J and Nelson, Chris J and Huang, Zhenghua and Schmieder, Brigitte and Vissers, Gregal JM and Toriumi, Shin and van der Voort, Luc HM Rouppe and others},
	year         = 2018,
	journal      = {Space Science Reviews},
	publisher    = {Springer},
	volume       = 214,
	pages        = {1--39}
}

@article{madjarska19,
	title        = {Coronal bright points},
	author       = {Madjarska, Maria S},
	year         = 2019,
	journal      = {Living Reviews in Solar Physics},
	publisher    = {Springer},
	volume       = 16,
	number       = 1,
	pages        = 2
}

@article{berghmans21,
	title        = {Extreme-UV quiet Sun brightenings observed by the Solar Orbiter/EUI},
	author       = {Berghmans, David and Auch{\`e}re, Fr{\'e}d{\'e}ric and Long, David M and Soubri{\'e}, Elie and Mierla, Marilena and Zhukov, Andrei N and Sch{\"u}hle, Udo and Antolin, Patrick and Harra, Louise and Parenti, Susanna and others},
	year         = 2021,
	journal      = {Astronomy \& Astrophysics},
	publisher    = {EDP Sciences},
	volume       = 656,
	pages        = {L4}
}

@article{kontar17,
	title        = {Imaging spectroscopy of solar radio burst fine structures},
	author       = {Kontar, Eduard P and Yu, Sijie and Kuznetsov, AA and Emslie, AG and Alcock, B and Jeffrey, NLS and Melnik, VN and Bian, NH and Subramanian, P},
	year         = 2017,
	journal      = {Nature communications},
	publisher    = {Nature Publishing Group UK London},
	volume       = 8,
	number       = 1,
	pages        = 1515
}

@article{reid14,
	title        = {A review of solar type III radio bursts},
	author       = {Reid, Hamish Andrew Sinclair and Ratcliffe, Heather},
	year         = 2014,
	journal      = {Research in Astronomy and Astrophysics},
	publisher    = {IOP Publishing},
	volume       = 14,
	number       = 7,
	pages        = 773
}

@article{saint12,
	title        = {A decade of solar type III radio bursts observed by the Nan{\c{c}}ay radioheliograph 1998--2008},
	author       = {Saint-Hilaire, Pascal and Vilmer, Nicole and Kerdraon, Alain},
	year         = 2012,
	journal      = {The Astrophysical Journal},
	publisher    = {IOP Publishing},
	volume       = 762,
	number       = 1,
	pages        = 60
}

@article{reiner9,
	title        = {Multipoint observations of solar type III radio bursts from STEREO and Wind},
	author       = {Reiner, M Jꎬ and Goetz, Keith and Fainberg, J and Kaiser, Michael L and Maksimovic, Milan and Cecconi, Baptiste and Hoang, Sang and Bale, Stuart D and Bougeret, J-L},
	year         = 2009,
	journal      = {Solar Physics},
	publisher    = {Springer},
	volume       = 259,
	pages        = {255--276}
}

@ARTICLE{bonnin8,
       author = {{Bonnin}, X. and {Hoang}, S. and {Maksimovic}, M.},
        title = "{The directivity of solar type III bursts at hectometer and kilometer wavelengths: Wind-Ulysses observations}",
      journal = {\aap},
     keywords = {Sun: radio radiation, Sun: particle emission, plasmas, methods: data analysis},
         year = 2008,
        month = oct,
       volume = {489},
       number = {1},
        pages = {419-427},
          doi = {10.1051/0004-6361:200809777},
       adsurl = {https://ui.adsabs.harvard.edu/abs/2008A&A...489..419B},
      adsnote = {Provided by the SAO/NASA Astrophysics Data System}
}

@article{chen13,
	title        = {Flare-associated type III radio bursts and dynamics of the EUV jet from SDO/AIA and RHESSI observations},
	author       = {Chen, Naihwa and Ip, Wing-Huen and Innes, Davina},
	year         = 2013,
	journal      = {The Astrophysical Journal},
	publisher    = {IOP Publishing},
	volume       = 769,
	number       = 2,
	pages        = 96
}

@inproceedings{morosan17,
	title        = {{Characteristics of type III radio bursts and solar S bursts}},
	author       = {{Morosan}, D.~E. and {Gallagher}, P.~T.},
	year         = 2017,
	month        = jan,
	booktitle    = {Planetary Radio Emissions VIII},
	pages        = {357--368},
	doi          = {10.1553/PRE8s357},
	keywords     = {Solar radio emissions, Sun, type III, LOFAR, S bursts, Astrophysics - Solar and Stellar Astrophysics},
	editor       = {{Fischer}, G. and {Mann}, G. and {Panchenko}, M. and {Zarka}, P.},
	archiveprefix = {arXiv},
	eprint       = {1802.10460},
	primaryclass = {astro-ph.SR},
	adsurl       = {https://ui.adsabs.harvard.edu/abs/2017pre8.conf..357M},
	adsnote      = {Provided by the SAO/NASA Astrophysics Data System}
}

@article{dabrowski21,
	title        = {Type III Radio Bursts Observations on 20th August 2017 and 9th September 2017 with LOFAR Ba{\l}dy Telescope},
	author       = {Dabrowski, Bartosz and Flisek, Pawe{\l} and Miku{\l}a, Katarzyna and Fro{\'n}, Adam and Vocks, Christian and Magdaleni{\'c}, Jasmina and Krankowski, Andrzej and Zhang, PeiJin and Zucca, Pietro and Mann, Gottfried},
	year         = 2021,
	journal      = {Remote Sensing},
	publisher    = {MDPI},
	volume       = 13,
	number       = 1,
	pages        = 148
}

@article{melrose17,
	title        = {Coherent emission mechanisms in astrophysical plasmas},
	author       = {Melrose, DB},
	year         = 2017,
	journal      = {Reviews of Modern Plasma Physics},
	publisher    = {Springer},
	volume       = 1,
	pages        = {1--81}
}

@article{lecacheux89,
	title        = {{Characteristics of type III bursts in the solar wind from simultaneous observations on board ISEE-3 and Voyager}},
	author       = {{Lecacheux}, A. and {Steinberg}, J. -L. and {Hoang}, S. and {Dulk}, G.~A.},
	year         = 1989,
	month        = jun,
	journal      = {\aap},
	volume       = 217,
	number       = {1-2},
	pages        = {237--250},
	keywords     = {International Sun Earth Explorer 3, Solar Wind, Spaceborne Astronomy, Type 3 Bursts, Voyager Project, Electrostatic Waves, Kilometric Waves, Plasma Radiation, Solar Physics},
	adsurl       = {https://ui.adsabs.harvard.edu/abs/1989A&A...217..237L},
	adsnote      = {Provided by the SAO/NASA Astrophysics Data System}
}

@article{gurnett76,
	title        = {Electron plasma oscillations associated with type III radio bursts},
	author       = {Gurnett, Donald A and Anderson, Roger R},
	year         = 1976,
	journal      = {Science},
	publisher    = {American Association for the Advancement of Science},
	volume       = 194,
	number       = 4270,
	pages        = {1159--1162}
}

@article{gurnett77,
	title        = {Plasma wave electric fields in the solar wind: Initial results from Helios 1},
	author       = {Gurnett, Donald A and Anderson, Roger R},
	year         = 1977,
	journal      = {Journal of Geophysical Research},
	publisher    = {Wiley Online Library},
	volume       = 82,
	number       = 4,
	pages        = {632--650}
}

@article{boudjada20,
	title        = {Observations of Solar Type III radio bursts by<? xmltex$\backslash$break?> Cassini/RPWS experiment},
	author       = {Boudjada, Mohammed Y and Abou el-Fadl, Ahmed and Galopeau, Patrick HM and Al-Haddad, Eimad and Lammer, Helmut},
	year         = 2020,
	journal      = {Advances in Radio Science},
	publisher    = {Copernicus Publications G{\"o}ttingen, Germany},
	volume       = 18,
	pages        = {83--87}
}

@article{dulk85,
	title        = {The visibility of type III radio bursts originating behind the sun},
	author       = {Dulk, GA and Steinberg, Jean-Louis and Lecacheux, Alain and Hoang, Sang and MacDowall, Robert John},
	year         = 1985,
	journal      = {Astronomy and Astrophysics},
	volume       = 150,
	pages        = {L28--L30}
}

@article{fredkin1995persistence,
	title        = {Persistence: a new statistic for characterizing ion-channel activity},
	author       = {Fredkin, Donald R and Rice, John A and Colquhoun, David and Gibb, AJ},
	year         = 1995,
	journal      = {Philosophical Transactions of the Royal Society of London. Series B: Biological Sciences},
	publisher    = {The Royal Society London},
	volume       = 350,
	number       = 1334,
	pages        = {353--367}
}

@article{thompson2016persistence,
	title        = {Persistence mapping using EUV Solar Imager data},
	author       = {Thompson, BJ and Young, CA},
	year         = 2016,
	journal      = {The Astrophysical Journal},
	publisher    = {IOP Publishing},
	volume       = 825,
	number       = 1,
	pages        = 27
}

@article{pysz2011assessment,
	title        = {Assessment and monitoring tumor vascularity with contrast-enhanced ultrasound maximum intensity persistence imaging},
	author       = {Pysz, Marybeth A and Foygel, Kira and Panje, Cedric M and Needles, Andrew and Tian, Lu and Willmann, J{\"u}rgen K},
	year         = 2011,
	journal      = {Investigative radiology},
	publisher    = {NIH Public Access},
	volume       = 46,
	number       = 3,
	pages        = 187
}

@article{khaled_2022,
	title        = {Evolution of Alfv{\'e}n Waves in the Solar Wind. Monochromatic Driver},
	author       = {Alielden, Khaled and Taroyan, Youra},
	year         = 2022,
	journal      = {The Astrophysical Journal},
	publisher    = {IOP Publishing},
	volume       = 935,
	number       = 2,
	pages        = 66
}

@article{morton_2015,
	title        = {Investigating Alfv{\'e}nic wave propagation in coronal open-field regions},
	author       = {Morton, RJ and Tomczyk, Steve and Pinto, Rui},
	year         = 2015,
	journal      = {Nature Communications},
	publisher    = {Nature Publishing Group UK London},
	volume       = 6,
	number       = 1,
	pages        = 7813
}

@article{zhang2022imaging,
	title        = {Imaging of the Quiet Sun in the Frequency Range of 20--80 MHz},
	author       = {Zhang, PeiJin and Zucca, Pietro and Kozarev, Kamen and Carley, Eoin and Wang, ChuanBing and Franzen, Thomas and Dabrowski, Bartosz and Krankowski, Andrzej and Magdalenic, Jasmina and Vocks, Christian},
	year         = 2022,
	journal      = {The Astrophysical Journal},
	publisher    = {IOP Publishing},
	volume       = 932,
	number       = 1,
	pages        = 17
}

@article{dumbovic20212019,
	title        = {2019 International Women’s Day event-Two-step solar flare with multiple eruptive signatures and low Earth impact},
	author       = {Dumbovi{\'c}, M and Veronig, AM and Podladchikova, Tatiana and Thalmann, Julia K and Chikunova, Galina and Dissauer, Karin and Magdaleni{\'c}, J and Temmer, Manuela and Guo, Jingnan and Samara, Evangelia},
	year         = 2021,
	journal      = {Astronomy \& Astrophysics},
	publisher    = {EDP Sciences},
	volume       = 652,
	pages        = {A159}
}

@article{harra2021active,
	title        = {The active region source of a type III radio storm observed by Parker Solar Probe during encounter 2},
	author       = {Harra, Louise and Brooks, David H and Bale, Stuart D and Mandrini, Cristina Hemilse and Barczynski, Krzysztof and Sharma, Rohit and Badman, Samuel T and Dom{\'\i}nguez, S Vargas and Pulupa, Marc},
	year         = 2021,
	journal      = {Astronomy \& Astrophysics},
	publisher    = {EDP Sciences},
	volume       = 650,
	pages        = {A7}
}

@inproceedings{gopalswamy_2022,
	title        = {The Relation between Type III Radio Storms and CIR Energetic Particles},
	author       = {Gopalswamy, Nat and Mäkelä, Pertti and Yashiro, Seiji and Akiyama, Sachiko and Xie, Hong},
	year         = 2022,
	booktitle    = {2022 3rd URSI Atlantic and Asia Pacific Radio Science Meeting (AT-AP-RASC)},
	volume       = {},
	number       = {},
	pages        = {1--4},
	doi          = {10.23919/AT-AP-RASC54737.2022.9814336}
}

@article{gopalswamy_sun_sw_2022,
  title={The Sun and Space Weather},
  author={Gopalswamy, Nat},
  journal={Atmosphere},
  volume={13},
  number={11},
  pages={1781},
  year={2022},
  publisher={MDPI}
}

@article{gonzalez_1994,
  title={What is a geomagnetic storm?},
  author={Gonzalez, WD and Joselyn, Jo-Ann and Kamide, Yohsuke and Kroehl, Herb W and Rostoker, G and Tsurutani, Bruce T and Vasyliunas, VM},
  journal={Journal of Geophysical Research: Space Physics},
  volume={99},
  number={A4},
  pages={5771--5792},
  year={1994},
  publisher={Wiley Online Library}
}

@article{saiz_2013,
  title={Geomagnetic response to solar and interplanetary disturbances},
  author={Saiz, Elena and Cerrato, Yolanda and Cid, Consuelo and Dobrica, Venera and Hejda, Pavel and Nenovski, Petko and Stauning, Peter and Bochnicek, Josef and Danov, Dimitar and Demetrescu, Crisan and others},
  journal={Journal of Space Weather and Space Climate},
  volume={3},
  pages={A26},
  year={2013},
  publisher={EDP Sciences}
}

@article{lakhina_2016,
  title={Geomagnetic storms: historical perspective to modern view},
  author={Lakhina, Gurbax S and Tsurutani, Bruce T},
  journal={Geoscience Letters},
  volume={3},
  pages={1--11},
  year={2016},
  publisher={Springer}
}

@article{dungey_1961,
  title={The steady state of the Chapman-Ferraro problem in two dimensions},
  author={Dungey, JW},
  journal={Journal of Geophysical Research},
  volume={66},
  number={4},
  pages={1043--1047},
  year={1961},
  publisher={Wiley Online Library}
}

@article{akasofu_1981,
  title={Energy coupling between the solar wind and the magnetosphere},
  author={Akasofu, S -I},
  journal={Space Science Reviews},
  volume={28},
  pages={121--190},
  year={1981},
  publisher={Springer}
}

@article{pulkkinen_2007,
  title={Space weather: terrestrial perspective},
  author={Pulkkinen, Tuija},
  journal={Living Reviews in Solar Physics},
  volume={4},
  pages={1--60},
  year={2007},
  publisher={Springer}
}

@article{tsurutani_1997,
  title={Magnetic storms},
  author={Tsurutani, Bruce T and Gonzalez, Walter D and Kamide, Yohsuke},
  journal={Surveys in geophysics},
  volume={18},
  number={4},
  pages={363--383},
  year={1997},
  publisher={Springer}
}

@article{zhang_2007,
  title={Solar and interplanetary sources of major geomagnetic storms (Dst≤- 100 nT) during 1996--2005},
  author={Zhang, Jie and Richardson, IG and Webb, DF and Gopalswamy, N and Huttunen, E and Kasper, JC and Nitta, NV and Poomvises, W and Thompson, BJ and Wu, C-C and others},
  journal={Journal of Geophysical Research: Space Physics},
  volume={112},
  number={A10},
  year={2007},
  publisher={Wiley Online Library}
}

@article{wu_2016,
  title={Relationships among geomagnetic storms, interplanetary shocks, magnetic clouds, and sunspot number during 1995--2012},
  author={Wu, Chin-Chun and Lepping, Ronald P},
  journal={Solar Physics},
  volume={291},
  pages={265--284},
  year={2016},
  publisher={Springer}
}

@article{borovsky_2006,
  title={Differences between CME-driven storms and CIR-driven storms},
  author={Borovsky, Joseph E and Denton, Michael H},
  journal={Journal of Geophysical Research: Space Physics},
  volume={111},
  number={A7},
  year={2006},
  publisher={Wiley Online Library}
}

@article{paouris_2021,
  title={Assessing the Projection Correction of Coronal Mass Ejection Speeds on Time-of-Arrival Prediction Performance Using the Effective Acceleration Model},
  author={Paouris, Evangelos and Vourlidas, Angelos and Papaioannou, Athanasios and Anastasiadis, Anastasios},
  journal={Space Weather},
  volume={19},
  number={2},
  pages={e2020SW002617},
  year={2021},
  publisher={Wiley Online Library}
}

@article{miteva_2023,
  title={Parameter Study of Geomagnetic Storms and Associated Phenomena: CME Speed De-Projection vs. In Situ Data},
  author={Miteva, Rositsa and Nedal, Mohamed and Samwel, Susan W and Temmer, Manuela},
  journal={Universe},
  volume={9},
  number={4},
  pages={179},
  year={2023},
  publisher={Multidisciplinary Digital Publishing Institute}
}

@article{kouloumvakos_2022,
  title={PyThea: An open-source software package to perform 3D reconstruction of coronal mass ejections and shock waves},
  author={Kouloumvakos, Athanasios and Rodr{\'\i}guez-Garc{\'\i}a, Laura and Gieseler, Jan and Price, Daniel J and Vourlidas, Angelos and Vainio, Rami},
  journal={Frontiers in Astronomy and Space Sciences},
  volume={9},
  pages={974137},
  year={2022},
  publisher={Frontiers}
}

@article{samwel_2023,
  title={Correlations between space weather parameters during intense geomagnetic storms: Analytical study},
  author={Samwel, Susan and Miteva, Rositsa},
  journal={Advances in Space Research},
  volume={72},
  number={8},
  pages={3440--3453},
  year={2023},
  publisher={Elsevier}
}

@article{kay_2018,
  title={The effects of uncertainty in initial CME input parameters on deflection, rotation, B z, and arrival time predictions},
  author={Kay, C and Gopalswamy, Natchimuthuk},
  journal={Journal of Geophysical Research: Space Physics},
  volume={123},
  number={9},
  pages={7220--7240},
  year={2018},
  publisher={Wiley Online Library}
}

@article{echer_2022,
  title={Relation between Dst* and interplanetary parameters during single-step geomagnetic storms},
  author={Echer, E and Gonzalez, WD},
  journal={Advances in Space Research},
  volume={70},
  number={10},
  pages={2830--2841},
  year={2022},
  publisher={Elsevier}
}

@article{del_2011,
	title        = {A single picture for solar coronal outflows and radio noise storms},
	author       = {Del Zanna, Giulio and Aulanier, Guillaume and Klein, K-L and T{\"o}r{\"o}k, Tibor},
	year         = 2011,
	journal      = {Astronomy \& Astrophysics},
	publisher    = {EDP Sciences},
	volume       = 526,
	pages        = {A137}
}

@ARTICLE{ireland_2019,
       author = {{Ireland}, Jack and {Inglis}, Andrew R. and {Shih}, Albert Y. and {Christe}, Steven and {Mumford}, Stuart and {Hayes}, Laura A. and {Thompson}, Barbara J. and {Hughitt}, V. Keith},
        title = "{AWARE: An Algorithm for the Automated Characterization of EUV Waves in the Solar Atmosphere}",
     journal = {Solar Physics},
     keywords = {Corona, waves, Propagation, coronal seismology, Astrophysics - Solar and Stellar Astrophysics},
         year = 2019,
        month = nov,
       volume = {294},
       number = {11},
          eid = {158},
        pages = {158},
          doi = {10.1007/s11207-019-1505-8},
 primaryClass = {astro-ph.SR},
       adsurl = {https://ui.adsabs.harvard.edu/abs/2019SoPh..294..158I},
      adsnote = {Provided by the SAO/NASA Astrophysics Data System}
}

@BOOK{starck_2002,
       author = {{Starck}, Jean-Luc and {Murtagh}, Fionn},
        title = "{Astronomical image and data analysis}",
         year = 2002,
         publisher = {Springer Netherlands},
       adsurl = {https://ui.adsabs.harvard.edu/abs/2002aida.book.....S},
      adsnote = {Provided by the SAO/NASA Astrophysics Data System}
}

@INPROCEEDINGS{wuelser_2004,
       author = {{Wuelser}, Jean-Pierre and {Lemen}, James R. and {Tarbell}, Theodore D. and {Wolfson}, C.~J. and {Cannon}, Joseph C. and {Carpenter}, Brock A. and {Duncan}, Dexter W. and {Gradwohl}, Glenn S. and {Meyer}, Syndie B. and {Moore}, Augustus S. and {Navarro}, Rosemarie L. and {Pearson}, J.~D. and {Rossi}, George R. and {Springer}, Larry A. and {Howard}, Russell A. and {Moses}, John D. and {Newmark}, Jeffrey S. and {Delaboudiniere}, Jean-Pierre and {Artzner}, Guy E. and {Auchere}, Frederic and {Bougnet}, Marie and {Bouyries}, Philippe and {Bridou}, Francoise and {Clotaire}, Jean-Yves and {Colas}, Gerard and {Delmotte}, Franck and {Jerome}, Arnaud and {Lamare}, Michel and {Mercier}, Raymond and {Mullot}, Michel and {Ravet}, Marie-Francoise and {Song}, Xueyan and {Bothmer}, Volker and {Deutsch}, Werner},
        title = "{EUVI: the STEREO-SECCHI extreme ultraviolet imager}",
    booktitle = {Telescopes and Instrumentation for Solar Astrophysics},
         year = 2004,
       editor = {{Fineschi}, Silvano and {Gummin}, Mark A.},
       series = {Society of Photo-Optical Instrumentation Engineers (SPIE) Conference Series},
       volume = {5171},
        month = feb,
        pages = {111-122},
          doi = {10.1117/12.506877},
       adsurl = {https://ui.adsabs.harvard.edu/abs/2004SPIE.5171..111W},
      adsnote = {Provided by the SAO/NASA Astrophysics Data System}
}

@INPROCEEDINGS{holschneider_1989,
       author = {{Holschneider}, M. and {Kronland-Martinet}, R. and {Morlet}, J. and {Tchamitchian}, Ph.},
        title = "{A Real-Time Algorithm for Signal Analysis with the Help of the Wavelet Transform}",
    booktitle = {Wavelets. Time-Frequency Methods and Phase Space},
         publisher = {Springer-Verlag},
         year = 1989,
       editor = {{Combes}, Jean-Michel and {Grossmann}, Alexander and {Tchamitchian}, Philippe},
        month = jan,
        pages = {286},
       adsurl = {https://ui.adsabs.harvard.edu/abs/1989wtfm.conf..286H},
      adsnote = {Provided by the SAO/NASA Astrophysics Data System}
}

@ARTICLE{akansu_1991,
       author = {{Akansu}, Ali N.},
        title = "{On-signal decomposition techniques}",
      journal = {Optical Engineering},
         year = 1991,
        month = jan,
       volume = {30},
       number = {7},
        pages = {912},
          doi = {10.1117/12.55886},
       adsurl = {https://ui.adsabs.harvard.edu/abs/1991OptEn..30..912A},
      adsnote = {Provided by the SAO/NASA Astrophysics Data System}
}

@ARTICLE{szenicer_2019,
       author = {{Szenicer}, Alexandre and {Fouhey}, David F. and {Munoz-Jaramillo}, Andres and {Wright}, Paul J. and {Thomas}, Rajat and {Galvez}, Richard and {Jin}, Meng and {Cheung}, Mark C.~M.},
        title = "{A deep learning virtual instrument for monitoring extreme UV solar spectral irradiance}",
      journal = {Science Advances},
         year = 2019,
        month = oct,
       volume = {5},
       number = {10},
          eid = {eaaw6548},
        pages = {eaaw6548},
          doi = {10.1126/sciadv.aaw6548},
       adsurl = {https://ui.adsabs.harvard.edu/abs/2019SciA....5.6548S},
      adsnote = {Provided by the SAO/NASA Astrophysics Data System}
}

@ARTICLE{li_2013,
       author = {{Li}, Rong and {Zhu}, Jie},
        title = "{Solar flare forecasting based on sequential sunspot data}",
      journal = {Research in Astronomy and Astrophysics},
         year = 2013,
        month = sep,
       volume = {13},
       number = {9},
          eid = {1118-1126},
        pages = {1118-1126},
          doi = {10.1088/1674-4527/13/9/010},
       adsurl = {https://ui.adsabs.harvard.edu/abs/2013RAA....13.1118L},
      adsnote = {Provided by the SAO/NASA Astrophysics Data System}
}

@ARTICLE{podladchikova_2005,
       author = {{Podladchikova}, Olena and {Berghmans}, David},
        title = "{Automated Detection Of EIT Waves And Dimmings}",
      journal = {Solar Physics},
         year = 2005,
        month = may,
       volume = {228},
       number = {1-2},
        pages = {265-284},
          doi = {10.1007/s11207-005-5373-z},
       adsurl = {https://ui.adsabs.harvard.edu/abs/2005SoPh..228..265P},
      adsnote = {Provided by the SAO/NASA Astrophysics Data System}
}

@ARTICLE{verbeeck_2014,
       author = {{Verbeeck}, C. and {Delouille}, V. and {Mampaey}, B. and {De Visscher}, R.},
        title = "{The SPoCA-suite: Software for extraction, characterization, and tracking of active regions and coronal holes on EUV images}",
      journal = {Astronomy and Astrophysics},
     keywords = {techniques: image processing, Sun: corona, Sun: activity, Sun: UV radiation},
         year = 2014,
        month = jan,
       volume = {561},
          eid = {A29},
        pages = {A29},
          doi = {10.1051/0004-6361/201321243},
       adsurl = {https://ui.adsabs.harvard.edu/abs/2014A&A...561A..29V},
      adsnote = {Provided by the SAO/NASA Astrophysics Data System}
}

@article{kong2018observational,
	title        = {Observational evidence of interchange reconnection between a solar coronal hole and a small emerging active region},
	author       = {Kong, DF and Pan, GM and Yan, XL and Wang, JC and Li, QL},
	year         = 2018,
	journal      = {The Astrophysical Journal Letters},
	publisher    = {IOP Publishing},
	volume       = 863,
	number       = 2,
	pages        = {L22}
}

@article{altschuler1969magnetic,
  title={Magnetic fields and the structure of the solar corona: I: Methods of calculating coronal fields},
  author={Altschuler, Martin D and Newkirk, Gordon},
  journal={Solar Physics},
  volume={9},
  pages={131--149},
  year={1969},
  publisher={Springer}
}

@article{schatten1969model,
  title={A model of interplanetary and coronal magnetic fields},
  author={Schatten, Kenneth H and Wilcox, John M and Ness, Norman F},
  journal={Solar Physics},
  volume={6},
  pages={442--455},
  year={1969},
  publisher={Springer}
}

@article{thompson2006,
	author = {{Thompson, W. T.}},
	title = {Coordinate systems for solar image data},
	DOI= "10.1051/0004-6361:20054262",
	url= "https://doi.org/10.1051/0004-6361:20054262",
	journal = {A\&A},
	year = 2006,
	volume = 449,
	number = 2,
	pages = "791-803",
}

@ARTICLE{gieseler2023,
       author = {{Gieseler}, Jan and {Dresing}, Nina and {Palmroos}, Christian and {Freiherr von Forstner}, Johan L. and {Price}, Daniel J. and {Vainio}, Rami and {Kouloumvakos}, Athanasios and {Rodr{\'\i}guez-Garc{\'\i}a}, Laura and {Trotta}, Domenico and {G{\'e}not}, Vincent and {Masson}, Arnaud and {Roth}, Markus and {Veronig}, Astrid},
        title = "{Solar-MACH: An open-source tool to analyze solar magnetic connection configurations}",
      journal = {Frontiers in Astronomy and Space Sciences},
     keywords = {Python (programming language), Software package, Solar Energetic Particle (SEP), corona, Coronal mass ejection (CME), Spacecraft, heliosphere, Astrophysics - Solar and Stellar Astrophysics, Physics - Space Physics},
         year = 2023,
        month = feb,
       volume = {9},
          eid = {384},
        pages = {384},
          doi = {10.3389/fspas.2022.1058810},
archivePrefix = {arXiv},
       eprint = {2210.00819},
 primaryClass = {astro-ph.SR},
       adsurl = {https://ui.adsabs.harvard.edu/abs/2023FrASS...958810G},
      adsnote = {Provided by the SAO/NASA Astrophysics Data System}
}

@ARTICLE{hale_1919,
       author = {{Hale}, George E. and {Ellerman}, Ferdinand and {Nicholson}, S.~B. and {Joy}, A.~H.},
        title = "{The Magnetic Polarity of Sun-Spots}",
      journal = {\apj},
         year = 1919,
        month = apr,
       volume = {49},
        pages = {153},
          doi = {10.1086/142452},
       adsurl = {https://ui.adsabs.harvard.edu/abs/1919ApJ....49..153H},
      adsnote = {Provided by the SAO/NASA Astrophysics Data System}
}

@ARTICLE{cattell_2021,
       author = {{Cattell}, Cynthia and {Glesener}, Lindsay and {Leiran}, Benjamin and {Dombeck}, John and {Goetz}, Keith and {Mart{\'\i}nez Oliveros}, Juan Carlos and {Badman}, Samuel T. and {Pulupa}, Marc and {Bale}, Stuart D.},
        title = "{Periodicities in an active region correlated with Type III radio bursts observed by Parker Solar Probe}",
      journal = {\aap},
     keywords = {Sun: radio radiation, Sun: corona, Sun: X-rays, gamma rays, Sun: oscillations, magnetic reconnection, radiation mechanisms: non-thermal, Astrophysics - Solar and Stellar Astrophysics, Physics - Space Physics},
         year = 2021,
        month = jun,
       volume = {650},
          eid = {A6},
        pages = {A6},
          doi = {10.1051/0004-6361/202039510},
archivePrefix = {arXiv},
       eprint = {2009.10899},
 primaryClass = {astro-ph.SR},
       adsurl = {https://ui.adsabs.harvard.edu/abs/2021A&A...650A...6C},
      adsnote = {Provided by the SAO/NASA Astrophysics Data System}
}

@ARTICLE{krupar_2020,
       author = {{Krupar}, Vratislav and {Szabo}, Adam and {Maksimovic}, Milan and {Kruparova}, Oksana and {Kontar}, Eduard P. and {Balmaceda}, Laura A. and {Bonnin}, Xavier and {Bale}, Stuart D. and {Pulupa}, Marc and {Malaspina}, David M. and {Bonnell}, John W. and {Harvey}, Peter R. and {Goetz}, Keith and {Dudok de Wit}, Thierry and {MacDowall}, Robert J. and {Kasper}, Justin C. and {Case}, Anthony W. and {Korreck}, Kelly E. and {Larson}, Davin E. and {Livi}, Roberto and {Stevens}, Michael L. and {Whittlesey}, Phyllis L. and {Hegedus}, Alexander M.},
        title = "{Density Fluctuations in the Solar Wind Based on Type III Radio Bursts Observed by Parker Solar Probe}",
      journal = {\apjs},
     keywords = {Radio astronomy, Radio bursts, Solar flares, 1338, 1339, 1496, Astrophysics - Solar and Stellar Astrophysics, Astrophysics - Earth and Planetary Astrophysics, Physics - Plasma Physics, Physics - Space Physics},
         year = 2020,
        month = feb,
       volume = {246},
       number = {2},
          eid = {57},
        pages = {57},
          doi = {10.3847/1538-4365/ab65bd},
archivePrefix = {arXiv},
       eprint = {2001.03476},
 primaryClass = {astro-ph.SR},
       adsurl = {https://ui.adsabs.harvard.edu/abs/2020ApJS..246...57K},
      adsnote = {Provided by the SAO/NASA Astrophysics Data System}
}

@Article{ishikawa_2017,
    title={ Detection of nanoflare-heated plasma in the solar corona by the FOXSI-2 sounding rocket },
    authors={ Shin-nosuke Ishikawa and Lindsay Glesener and Säm Krucker and Säm Krucker and Steven Christe and Juan Camilo Buitrago-Casas and Noriyuki Narukage and Juliana Vievering },
    journal={ Nature Astronomy },
    year={ 2017 },
    publisher={ Nature Publishing Group },
    volume={ 1 },
    pages={ 771-774 },
    number={ 11 },
    doi={ 10.1038/S41550-017-0269-Z },  
  }

@article{che_2018,
  doi = {10.1088/1742-6596/1100/1/012005},
  url = {https://dx.doi.org/10.1088/1742-6596/1100/1/012005},
  year = {2018},
  month = {oct},
  publisher = {IOP Publishing},
  volume = {1100},
  number = {1},
  pages = {012005},
  author = {H. Che},
  title = {How Nanoflares Produce Kinetic Waves, Nano-Type III Radio Bursts, and Non-Thermal Electrons in the Solar Wind},
  journal = {Journal of Physics: Conference Series}
}

@article{chhabra_2021,
  doi = {10.3847/1538-4357/ac2364},
  url = {https://dx.doi.org/10.3847/1538-4357/ac2364},
  year = {2021},
  month = {nov},
  publisher = {The American Astronomical Society},
  volume = {922},
  number = {2},
  pages = {128},
  author = {Sherry Chhabra and James A. Klimchuk and Dale E. Gary},
  title = {Signatures of Type III Solar Radio Bursts from Nanoflares: Modeling},
  journal = {The Astrophysical Journal}
}

@article{wu_2002,
  doi = {10.1086/341468},
  url = {https://dx.doi.org/10.1086/341468},
  year = {2002},
  month = {aug},
  publisher = {},
  volume = {575},
  number = {2},
  pages = {1094},
  author = {C. S. Wu and C. B. Wang and Peter H. Yoon and H. N. Zheng and S. Wang},
  title = {Generation of Type III Solar Radio Bursts in the Low Corona by Direct Amplification},
  journal = {The Astrophysical Journal}
}

@ARTICLE{parker_1960,
		author = {{Parker}, E.~N.},
		title = {The Hydrodynamic Theory of Solar Corpuscular Radiation and Stellar Winds.},
		journal = {Astrophysical Journal},
		volume = {132},
		pages = {821},
		month = Nov,
		year = 1960,
		doi = {10.1086/146985},
		adsurl = {https://ui.adsabs.harvard.edu/abs/1960ApJ...132..821P},
		adsnote = {Provided by the SAO/NASA Astrophysics Data System}
}

@article{kontar_2019,
doi = {10.3847/1538-4357/ab40bb},
url = {https://dx.doi.org/10.3847/1538-4357/ab40bb},
year = {2019},
month = {oct},
publisher = {The American Astronomical Society},
volume = {884},
number = {2},
pages = {122},
author = {Eduard P. Kontar and Xingyao Chen and Nicolina Chrysaphi and Natasha L. S. Jeffrey and A. Gordon Emslie and Vratislav Krupar and Milan Maksimovic and Mykola Gordovskyy and Philippa K. Browning},
title = {Anisotropic Radio-wave Scattering and the Interpretation of Solar Radio Emission Observations},
journal = {The Astrophysical Journal}
}

@article{kontar_2023,
  title={An Anisotropic Density Turbulence Model from the Sun to 1 au Derived From Radio Observations},
  author={Kontar, Eduard P and Emslie, A Gordon and Clarkson, Daniel L and Chen, Xingyao and Chrysaphi, Nicolina and Azzollini, Francesco and Jeffrey, Natasha LS and Gordovskyy, Mykola},
  journal={arXiv preprint arXiv:2308.05839},
  year={2023}
}

@ARTICLE{chen_2023,
       author = {{Chen}, Xingyao and {Kontar}, Eduard P. and {Chrysaphi}, Nicolina and {Zhang}, Peijin and {Krupar}, Vratislav and {Musset}, Sophie and {Maksimovic}, Milan and {Jeffrey}, Natasha L.~S. and {Azzollini}, Francesco and {Vecchio}, Antonio},
        title = "{Source positions of an interplanetary type III radio burst and anisotropic radio-wave scattering}",
      journal = {arXiv e-prints},
     keywords = {Astrophysics - Solar and Stellar Astrophysics, Physics - Space Physics},
         year = 2023,
        month = jun,
          eid = {arXiv:2306.09160},
        pages = {arXiv:2306.09160},
          doi = {10.48550/arXiv.2306.09160},
archivePrefix = {arXiv},
       eprint = {2306.09160},
 primaryClass = {astro-ph.SR},
       adsurl = {https://ui.adsabs.harvard.edu/abs/2023arXiv230609160C},
      adsnote = {Provided by the SAO/NASA Astrophysics Data System}
}

@article{mann_2018,
	author = {{Mann, G.} and {Breitling, F.} and {Vocks, C.} and {Aurass, H.} and {Steinmetz, M.} and {Strassmeier, K. G.} and {Bisi, M. M.} and {Fallows, R. A.} and {Gallagher, P.} and {Kerdraon, A.} and {Mackinnon, A.} and {Magdalenic, J.} and {Rucker, H.} and {Anderson, J.} and {Asgekar, A.} and {Avruch, I. M.} and {Bell, M. E.} and {Bentum, M. J.} and {Bernardi, G.} and {Best, P.} and {B\^{\i}rzan, L.} and {Bonafede, A.} and {Broderick, J. W.} and {Br\"uggen, M.} and {Butcher, H. R.} and {Ciardi, B.} and {Corstanje, A.} and {de Gasperin, F.} and {de Geus, E.} and {Deller, A.} and {Duscha, S.} and {Eisl\"offel, J.} and {Engels, D.} and {Falcke, H.} and {Fender, R.} and {Ferrari, C.} and {Frieswijk, W.} and {Garrett, M. A.} and {Grie\ss{}meier, J.} and {Gunst, A. W.} and {van Haarlem, M.} and {Hassall, T. E.} and {Heald, G.} and {Hessels, J. W. T.} and {Hoeft, M.} and {H\"orandel, J.} and {Horneffer, A.} and {Juette, E.} and {Karastergiou, A.} and {Klijn, W. F. A.} and {Kondratiev, V. I.} and {Kramer, M.} and {Kuniyoshi, M.} and {Kuper, G.} and {Maat, P.} and {Markoff, S.} and {McFadden, R.} and {McKay-Bukowski, D.} and {McKean, J. P.} and {Mulcahy, D. D.} and {Munk, H.} and {Nelles, A.} and {Norden, M. J.} and {Orru, E.} and {Paas, H.} and {Pandey-Pommier, M.} and {Pandey, V. N.} and {Pizzo, R.} and {Polatidis, A. G.} and {Rafferty, D.} and {Reich, W.} and {R\"ottgering, H.} and {Scaife, A. M. M.} and {Schwarz, D. J.} and {Serylak, M.} and {Sluman, J.} and {Smirnov, O.} and {Stappers, B. W.} and {Tagger, M.} and {Tang, Y.} and {Tasse, C.} and {ter Veen, S.} and {Thoudam, S.} and {Toribio, M. C.} and {Vermeulen, R.} and {van Weeren, R. J.} and {Wise, M. W.} and {Wucknitz, O.} and {Yatawatta, S.} and {Zarka, P.} and {Zensus, J. A.}},
	title = {Tracking of an electron beam through the solar corona with LOFAR},
	DOI= "10.1051/0004-6361/201629017",
	url= "https://doi.org/10.1051/0004-6361/201629017",
	journal = {A\&A},
	year = 2018,
	volume = 611,
	pages = "A57",
}

@article{kahler_2014,
    title={Do Solar Coronal Holes Affect the Properties of Solar Energetic Particle Events?},
    author={Kahler, SW and Arge, CN and Akiyama, S and Gopalswamy, N},
    journal={Solar Physics},
    volume={289},
    number={2},
    pages={657--673},
    year={2014},
    publisher={Springer Netherlands},
    doi={10.1007/S11207-013-0427-0}
}

@INBOOK{kolen_2001,
  author={Kolen, John F. and Kremer, Stefan C.},
  booktitle={A Field Guide to Dynamical Recurrent Networks}, 
  title={Gradient Flow in Recurrent Nets: The Difficulty of Learning LongTerm Dependencies}, 
  year={2001},
  volume={},
  number={},
  pages={237-243},
  publisher={IEEE},
  doi={10.1109/9780470544037.ch14}
}

@article{benson_2020, 
   title={Forecasting Solar Cycle 25 Using Deep Neural Networks},
   volume={295},
   ISSN={1573-093X},
   number={5},
   pages={65},
   journal={Solar Physics},
   publisher={Springer Netherlands},
   author={Benson, B. and Pan, W. D. and Prasad, A. and Gary, G. A. and Hu, Q.},
   month={May},
   year={2020},
   DOI={10.1007/s11207-020-01634-y}
}

@article{whitman_2022,
title = {Review of Solar Energetic Particle Prediction Models},
journal = {Advances in Space Research},
publisher={Elsevier},
volume = {72},
number = {12},
pages = {5161-5242},
year = {2023},
note = {COSPAR Space Weather Roadmap 2022: Scientific Research and Applications},
issn = {0273-1177},
doi = {https://doi.org/10.1016/j.asr.2022.08.006},
url = {https://www.sciencedirect.com/science/article/pii/S0273117722007244},
author = {Kathryn Whitman and Ricky Egeland and Ian G. Richardson and Clayton Allison and Philip Quinn and Janet Barzilla and Irina Kitiashvili and Viacheslav Sadykov and Hazel M. Bain and Mark Dierckxsens and M. Leila Mays and Tilaye Tadesse and Kerry T. Lee and Edward Semones and Janet G. Luhmann and Marlon Núñez and Stephen M. White and Stephen W. Kahler and Alan G. Ling and Don F. Smart and Margaret A. Shea and Valeriy Tenishev and Soukaina F. Boubrahimi and Berkay Aydin and Petrus Martens and Rafal Angryk and Michael S. Marsh and Silvia Dalla and Norma Crosby and Nathan A. Schwadron and Kamen Kozarev and Matthew Gorby and Matthew A. Young and Monica Laurenza and Edward W. Cliver and Tommaso Alberti and Mirko Stumpo and Simone Benella and Athanasios Papaioannou and Anastasios Anastasiadis and Ingmar Sandberg and Manolis K. Georgoulis and Anli Ji and Dustin Kempton and Chetraj Pandey and Gang Li and Junxiang Hu and Gary P. Zank and Eleni Lavasa and Giorgos Giannopoulos and David Falconer and Yash Kadadi and Ian Fernandes and Maher A. Dayeh and Andrés Muñoz-Jaramillo and Subhamoy Chatterjee and Kimberly D. Moreland and Igor V. Sokolov and Ilia I. Roussev and Aleksandre Taktakishvili and Frederic Effenberger and Tamas Gombosi and Zhenguang Huang and Lulu Zhao and Nicolas Wijsen and Angels Aran and Stefaan Poedts and Athanasios Kouloumvakos and Miikka Paassilta and Rami Vainio and Anatoly Belov and Eugenia A. Eroshenko and Maria A. Abunina and Artem A. Abunin and Christopher C. Balch and Olga Malandraki and Michalis Karavolos and Bernd Heber and Johannes Labrenz and Patrick Kühl and Alexander G. Kosovichev and Vincent Oria and Gelu M. Nita and Egor Illarionov and Patrick M. O’Keefe and Yucheng Jiang and Sheldon H. Fereira and Aatiya Ali and Evangelos Paouris and Sigiava Aminalragia-Giamini and Piers Jiggens and Meng Jin and Christina O. Lee and Erika Palmerio and Alessandro Bruno and Spiridon Kasapis and Xiantong Wang and Yang Chen and Blai Sanahuja and David Lario and Carla Jacobs and Du Toit Strauss and Ruhann Steyn and Jabus {van den Berg} and Bill Swalwell and Charlotte Waterfall and Mohamed Nedal and Rositsa Miteva and Momchil Dechev and Pietro Zucca and Alec Engell and Brianna Maze and Harold Farmer and Thuha Kerber and Ben Barnett and Jeremy Loomis and Nathan Grey and Barbara J. Thompson and Jon A. Linker and Ronald M. Caplan and Cooper Downs and Tibor Török and Roberto Lionello and Viacheslav Titov and Ming Zhang and Pouya Hosseinzadeh}
}

@ARTICLE{kim_2019,
       author = {{Kim}, Taeyoung and {Park}, Eunsu and {Lee}, Harim and {Moon}, Yong-Jae and {Bae}, Sung-Ho and {Lim}, Daye and {Jang}, Soojeong and {Kim}, Lokwon and {Cho}, Il-Hyun and {Choi}, Myungjin and {Cho}, Kyung-Suk},
        title = "{Solar farside magnetograms from deep learning analysis of STEREO/EUVI data}",
      journal = {Nature Astronomy},
         year = 2019,
        month = mar,
       volume = {3},
        pages = {397-400},
          doi = {10.1038/s41550-019-0711-5},
       adsurl = {https://ui.adsabs.harvard.edu/abs/2019NatAs...3..397K},
      adsnote = {Provided by the SAO/NASA Astrophysics Data System}
}

@article{aschwanden_2002, 
  title={Particle acceleration and kinematics in solar flares: a synthesis of recent observations and theoretical concepts (invited review)},
  author={Aschwanden, Markus J},
  journal={Space Science Reviews},
  year={2002},
  volume={101},
  pages={1-227},
  number={1},
  publisher={Springer Netherlands},
  DOI={10.1023/A:1019712124366}
}

@article{debrunner_1988, 
  title={Observations related to the acceleration, injection, and interplanetary propagation of energetic protons during the solar cosmic ray event on February 16, 1984},
  author={Debrunner, H and Fl{\"u}ckiger, E and Gr{\"a}del, H and Lockwood, JA and McGuire, RE},
  journal={Journal of Geophysical Research: Space Physics},
  volume={93},
  number={A7},
  pages={7206--7216},
  year={1988},
  publisher={Wiley Online Library},
  DOI={10.1029/JA093iA07p07206}
}

@inproceedings{kahler_1987,
    author = {Kahler, SW and Cliver, EW and Cane, HV and McGuire, RE and Reames, DV and Sheeley Jr, NR and Howard, RA},
    title = {Solar Energetic Proton Events and Coronal Mass Ejections Near Solar Minimum},
    booktitle = {Proceedings of the 20$^{th}$ International Cosmic Ray Conference Moscow, Volume 3, p. 121},
    year = 1987,
    month = Jan
}

@article{trottet2015,
  title={Statistical evidence for contributions of flares and coronal mass ejections to major solar energetic particle events},
  author={Trottet, G and Samwel, S and Klein, K-L and Dudok de Wit, T and Miteva, R},
  journal={Solar Physics},
  volume={290},
  pages={819--839},
  number={3},
  year={2015},
  publisher={Springer Netherlands},
  doi={10.1007/S11207-014-0628-1}
}

@article{dierckxsens_2015,
  title={Relationship between solar energetic particles and properties of flares and CMEs: statistical analysis of solar cycle 23 events},
  author={Dierckxsens, M and Tziotziou, K and Dalla, Silvia and Patsou, I and Marsh, MS and Crosby, NB and Malandraki, O and Tsiropoula, G},
  journal={Solar Physics},
  volume={290},
  pages={841--874},
  number={3},
  year={2015},
  publisher={Springer Netherlands},
  doi={10.1007/S11207-014-0641-4}
}

@article{miteva_2013,
  title={Solar energetic particle events in the 23rd solar cycle: interplanetary magnetic field configuration and statistical relationship with flares and CMEs},
  author={Miteva, R and Klein, K-L and Malandraki, O and Dorrian, G},
  journal={Solar Physics},
  volume={282},
  pages={579--613},
  number={2},
  year={2013},
  publisher={Springer Netherlands},
  doi={10.1007/S11207-012-0195-2}
}

@article{nymmik_2007,
        title={ To the problem on the regularities of solar energetic particle events occurrence },
        author={Nymmik, RA},
        journal={ Advances in Space Research },
        year={ 2007 },
        publisher={ Elsevier },
        volume={ 40 },
        pages={ 321-325 },
        number={ 3 },
        doi={ 10.1016/J.ASR.2007.02.013 },  
}

@article{cohen_2018, 
  title={The ground-level enhancement event of September 2017 and other large solar energetic particle events of Cycle 24},
  author={Cohen, CMS and Mewaldt, RA},
  journal={Space Weather},
  volume={16},
  number={10},
  pages={1616--1623},
  year={2018},
  publisher={Wiley Online Library},
  DOI={10.1029/2018SW002006}
}

@article{ramstad_2018, 
  title={The September 2017 SEP event in context with the current solar cycle: Mars Express ASPERA-3/IMA and MAVEN/SEP observations},
  author={Ramstad, Robin and Holmstr{\"o}m, Mats and Futaana, Yoshifumi and Lee, Christina O and Rahmati, Ali and Dunn, Patrick and Lillis, Robert J and Larson, Davin},
  journal={Geophysical Research Letters},
  volume={45},
  number={15},
  pages={7306--7311},
  year={2018},
  publisher={Wiley Online Library},
  DOI={10.1029/2018GL077842}
}

@inproceedings{reames_2000, 
  title={Particle acceleration by CME-driven shock waves},
  author={Reames, Donald V},
  booktitle={AIP Conference Proceedings},
  volume={516},
  number={1},
  pages={289--300},
  year={2000},
  organization={American Institute of Physics},
  DOI={10.1063/1.1291483}
}

@inproceedings{kota_2005, 
  title={Simulation of SEP acceleration and transport at CME-driven shocks},
  author={K{\'o}ta, J and Manchester, WB and Jokipii, JR and De Zeeuw, DL and Gombosi, TI},
  booktitle={AIP Conference Proceedings},
  volume={781},
  number={1},
  pages={201--206},
  year={2005},
  organization={American Institute of Physics},
  DOI={10.1063/1.2032697}
}

@article{kozarev_2019,
  title={Early-stage solar energetic particle acceleration by coronal mass ejection-driven shocks with realistic seed spectra. I. Low corona},
  author={Kozarev, Kamen A and Dayeh, Maher A and Farahat, Ashraf},
  journal={The Astrophysical Journal},
  volume={871},
  number={1},
  pages={65},
  year={2019},
  publisher={IOP Publishing},
  DOI={10.3847/1538-4357/aaf1ce}
}

@article{li_2003, 
  title={Energetic particle acceleration and transport at coronal mass ejection--driven shocks},
  author={Li, Gang and Zank, GP and Rice, WKM},
  journal={Journal of Geophysical Research: Space Physics},
  volume={108},
  number={A2},
  year={2003},
  publisher={Wiley Online Library},
  DOI={10.1029/2002JA009666}
}

@article{li_2012b,
  title={Particle acceleration and transport at an oblique CME-driven shock},
  author={Li, G and Shalchi, A and Ao, X and Zank, G and Verkhoglyadova, OP},
  journal={Advances in Space Research},
  volume={49},
  number={6},
  pages={1067--1075},
  year={2012},
  publisher={Elsevier},
  DOI={10.1016/j.asr.2011.12.027}
}

@incollection{pick_radio_2006,
	title        = {{Radio Emissions from the Sun and the Interplanetary Medium}},
	author       = {{Pick}, M.},
	year         = 2006,
	booktitle    = {Solar and Heliospheric Origins of Space Weather Phenomena},
	volume       = 699,
	pages        = 119,
	doi          = {10.1007/3-540-33759-8_6},
	editor       = {{Rozelot}, Jean-Pierre},
	adsurl       = {https://ui.adsabs.harvard.edu/abs/2006LNP...699..119P},
	adsnote      = {Provided by the SAO/NASA Astrophysics Data System}
}

@article{reid_2020,
	title        = {A review of recent solar type III imaging spectroscopy},
	author       = {Reid, Hamish AS},
	year         = 2020,
	journal      = {Frontiers in Astronomy and Space Sciences},
	publisher    = {Frontiers Media SA},
	volume       = 7,
	pages        = 56
}

@article{melrose_2017,
	title        = {Coherent emission mechanisms in astrophysical plasmas},
	author       = {Melrose, DB},
	year         = 2017,
	journal      = {Reviews of Modern Plasma Physics},
	publisher    = {Springer},
	volume       = 1,
	pages        = {1--81}
}

@article{lecacheux_1989,
	title        = {{Characteristics of type III bursts in the solar wind from simultaneous observations on board ISEE-3 and Voyager}},
	author       = {{Lecacheux}, A. and {Steinberg}, J. -L. and {Hoang}, S. and {Dulk}, G.~A.},
	year         = 1989,
	month        = jun,
	journal      = {\aap},
	volume       = 217,
	number       = {1-2},
	pages        = {237--250},
	keywords     = {International Sun Earth Explorer 3, Solar Wind, Spaceborne Astronomy, Type 3 Bursts, Voyager Project, Electrostatic Waves, Kilometric Waves, Plasma Radiation, Solar Physics},
	adsurl       = {https://ui.adsabs.harvard.edu/abs/1989A&A...217..237L},
	adsnote      = {Provided by the SAO/NASA Astrophysics Data System}
}

@inproceedings{ng_2012, 
  title={Solar energetic particles: shock acceleration and transport through self-amplified waves},
  author={Ng, Chee K and Reames, Donald V and Tylka, Allan J},
  booktitle={AIP Conference Proceedings},
  volume={1436},
  number={1},
  pages={212--218},
  year={2012},
  organization={American Institute of Physics},
  DOI={10.1063/1.4723610}
}

@book{ripley_2007,
  title={Pattern Recognition and Neural Networks},
  author={Brian D. Ripley},
  year={1996},
  publisher={Cambridge University Press},
  ISBN={9780511812651}
}

@article{zhang_lstm_2022,
  title={Predicting the Daily 10.7-cm Solar Radio Flux Using the Long Short-Term Memory Method},
  author={Zhang, Wanting and Zhao, Xinhua and Feng, Xueshang and Liu, Cheng'ao and Xiang, Nanbin and Li, Zheng and Lu, Wei},
  journal={Universe},
  volume={8},
  number={1},
  pages={30},
  year={2022},
  publisher={MDPI},
  DOI={10.3390/universe8010030}
}

@article{pala_2019, 
  title={Forecasting sunspot time series using deep learning methods},
  author={Pala, Zeydin and Atici, Ramazan},
  journal={Solar Physics},
  volume={294},
  number={5},
  pages={50},
  year={2019},
  publisher={Springer Netherlands},
  DOI={10.1007/s11207-019-1434-6}
}

@article{zhu_2022, 
  title={Solar Cycle 25 Prediction Using an Optimized Long Short-Term Memory Mode with F10.7},
  author={Zhu, Hongbing and Zhu, Wenwei and He, Mu},
  journal={Solar Physics},
  volume={297},
  number={12},
  pages={157},
  year={2022},
  publisher={Springer Netherlands},
  DOI={10.1007/s11207-022-02091-5}
}

@article{greff_2016, 
  title={LSTM: A search space odyssey},
  author={Greff, Klaus and Srivastava, Rupesh K and Koutn{\'\i}k, Jan and Steunebrink, Bas R and Schmidhuber, J{\"u}rgen},
  journal={IEEE transactions on neural networks and learning systems},
  volume={28},
  number={10},
  pages={2222--2232},
  year={2016},
  publisher={IEEE},
  DOI={10.1109/TNNLS.2016.2582924}
}

@inproceedings{kingma_2014,
  title={Adam: A Method for Stochastic Optimization},
  author={Diederik P. Kingma and Jimmy Ba},
  journal={ICLR, Conf. for Learning Representations, San Diego},
  year={2015},
  volume={9},
  doi={abs/1412.6980}
}

@article{kingma_2015,
  title={Adam: A method for stochastic optimization},
  author={Kingma, Diederik P and Ba, Jimmy},
  year={2015},
  journal={International Conference on Learning Representations (ICLR), San Diego},
  publisher={arXiv preprint},
  doi={arXiv:1412.6980}
}

@online{olah_2015,
  title = {Neural Networks, Types, and Functional Programming},
  author = {Olah, Christopher},
  year = {2015},
  url = {http://colah.github.io/posts/2015-09-NN-Types-FP/},
  urldate = {2015-09-03},
  note = {[Blog post]}
}

@article{ihianle_2020,
  title={A deep learning approach for human activities recognition from multimodal sensing devices},
  author={Ihianle, Isibor Kennedy and Nwajana, Augustine O and Ebenuwa, Solomon Henry and Otuka, Richard I and Owa, Kayode and Orisatoki, Mobolaji O},
  journal={IEEE Access},
  volume={8},
  pages={179028--179038},
  year={2020},
  publisher={IEEE},
  DOI={10.1109/ACCESS.2020.3027979}
}

@article{singh_2020, 
  title={Introduction to tensorflow 2.0},
  author={Singh, Pramod and Manure, Avinash and Singh, Pramod and Manure, Avinash},
  journal={Learn TensorFlow 2.0: Implement Machine Learning and Deep Learning Models with Python},
  pages={1--24},
  year={2020},
  publisher={Springer Netherlands},
  DOI={10.1007/978-1-4842-5558-2\_1}
}

@article{keras_2017,
  title={Introduction to keras},
  author={Ketkar, Nikhil and Ketkar, Nikhil},
  journal={Deep learning with python: a hands-on introduction},
  pages={97--111},
  year={2017},
  publisher={Springer Netherlands},
  DOI={10.1007/978-1-4842-2766-4\_7}
}

@article{schuster_1997, 
  title={Bidirectional recurrent neural networks},
  author={Schuster, Mike and Paliwal, Kuldip K},
  journal={IEEE transactions on Signal Processing},
  volume={45},
  number={11},
  pages={2673--2681},
  year={1997},
  publisher={IEEE},
  DOI={10.1109/78.650093}
}

@article{hochreiter_1997, 
  title={Long short-term memory},
  author={Hochreiter, Sepp and Schmidhuber, J{\"u}rgen},
  journal={Neural computation},
  volume={9},
  number={8},
  pages={1735--1780},
  year={1997},
  publisher={MIT press},
  DOI={10.1162/neco.1997.9.8.1735}
}

@article{graves_2005, 
  title={Framewise phoneme classification with bidirectional LSTM and other neural network architectures},
  author={Graves, Alex and Schmidhuber, J{\"u}rgen},
  journal={Neural networks},
  volume={18},
  number={5-6},
  pages={602--610},
  year={2005},
  publisher={Elsevier},
  DOI={10.1016/j.neunet.2005.06.042}
}

@inproceedings{alharbi_2021, 
  title={Short-term solar irradiance forecasting model based on bidirectional long short-term memory deep learning},
  author={Alharbi, Fahad Radhi and Csala, Denes},
  booktitle={2021 International Conference on Electrical, Communication, and Computer Engineering (ICECCE)},
  pages={1--6},
  year={2021},
  organization={IEEE},
  DOI={10.1109/ICECCE52056.2021.9514233}
}

@article{aminalragia_2021,
  title={Solar energetic particle event occurrence prediction using solar flare soft X-ray measurements and machine learning},
  author={Aminalragia-Giamini, Sigiava and Raptis, Savvas and Anastasiadis, Anastasios and Tsigkanos, Antonis and Sandberg, Ingmar and Papaioannou, Athanasios and Papadimitriou, Constantinos and Jiggens, Piers and Aran, Angels and Daglis, Ioannis A},
  journal={Journal of Space Weather and Space Climate},
  volume={11},
  pages={59},
  year={2021},
  publisher={EDP Sciences},
  DOI={10.1051/swsc/2021043}
}

@article{lavasa_2021,
  title={Assessing the predictability of solar energetic particles with the use of machine learning techniques},
  author={Lavasa, E and Giannopoulos, Georgios and Papaioannou, Aikaterini and Anastasiadis, A and Daglis, IA and Aran, Angels and Pacheco, David and Sanahuja, B},
  journal={Solar Physics},
  volume={296},
  number={7},
  pages={107},
  year={2021},
  publisher={Springer Netherlands},
  DOI={10.1007/s11207-021-01837-x}
}

@article{kasapis_2022,
  title={Interpretable machine learning to forecast SEP events for solar cycle 23},
  author={Kasapis, Spiridon and Zhao, Lulu and Chen, Yang and Wang, Xiantong and Bobra, Monica and Gombosi, Tamas},
  journal={Space Weather},
  volume={20},
  number={2},
  pages={e2021SW002842},
  year={2022},
  publisher={Wiley Online Library},
  DOI={10.1029/2021SW002842}
}

@article{engell_2017,
  title={SPRINTS: A framework for solar-driven event forecasting and research},
  author={Engell, AJ and Falconer, DA and Schuh, M and Loomis, J and Bissett, D},
  journal={Space Weather},
  volume={15},
  number={10},
  pages={1321--1346},
  year={2017},
  publisher={Wiley Online Library},
  DOI={10.1002/2017SW001660}
}

@article{malandraki_2018,
  title={Solar energetic particles and space weather: Science and applications},
  journal={Solar particle radiation storms forecasting and analysis: the HESPERIA HORIZON 2020 project and beyond},
  author={Malandraki, Olga E and Crosby, Norma B},
  year={2018},
  ISBN={978-3-319-60051-2},
  ISNN={2214-7985},
  publisher={Springer Nature}
}

@article{papaioannou_2022,
  title={The probabilistic solar particle event forecasting (PROSPER) model},
  author={Papaioannou, Athanasios and Vainio, Rami and Raukunen, Osku and Jiggens, Piers and Aran, Angels and Dierckxsens, Mark and Mallios, Sotirios A and Paassilta, Miikka and Anastasiadis, Anastasios},
  journal={Journal of Space Weather and Space Climate},
  volume={12},
  pages={24},
  year={2022},
  publisher={EDP Sciences},
  DOI={10.1051/swsc/2022019}
}

@article{bruno_2021,
  title={Empirical model of 10--130 MeV solar energetic particle spectra at 1 AU based on coronal mass ejection speed and direction},
  author={Bruno, Alessandro and Richardson, Ian G},
  journal={Solar Physics},
  volume={296},
  number={2},
  pages={36},
  year={2021},
  publisher={Springer Netherlands},
  DOI={10.1007/s11207-021-01779-4}
}

@article{kozarev_2017,
  title={The Coronal Analysis of SHocks and Waves (CASHeW) framework},
  author={Kozarev, Kamen A and Davey, Alisdair and Kendrick, Alexander and Hammer, Michael and Keith, Celeste},
  journal={Journal of Space Weather and Space Climate},
  volume={7},
  pages={A32},
  year={2017},
  publisher={EDP Sciences},
  DOI={10.1051/swsc/2017028}
}

@article{hu_2017,
  title={Modeling particle acceleration and transport at a 2-D CME-driven shock},
  author={Hu, Junxiang and Li, Gang and Ao, Xianzhi and Zank, Gary P and Verkhoglyadova, Olga},
  journal={Journal of Geophysical Research: Space Physics},
  volume={122},
  number={11},
  pages={10--938},
  year={2017},
  publisher={Wiley Online Library},
  DOI={10.1002/2017JA024077}
}

@techreport{wilson_1988,
  title={BRYNTRN: A baryon transport computer code, computation procedures and data base},
  author={Wilson, John W and Townsend, Lawrence W and Chun, Sang Y and Buck, Warren W and Khan, Ferdous and Cucinotta, Frank},
  year={1988},
  eprint={19880014330}
}

@inproceedings{truscott_2000,
  title={Geant4-a new Monte Carlo toolkit for simulating space radiation shielding and effects},
  author={Truscott, Pete and Lei, Fan and Dyer, C and Ferguson, C and Gurriaran, R and Nieminen, P and Daly, E and Apostolakis, J and Giani, S and Pia, MG and others},
  booktitle={2000 IEEE Radiation Effects Data Workshop. Workshop Record. Held in conjunction with IEEE Nuclear and Space Radiation Effects Conference (Cat. No. 00TH8527)},
  pages={147--152},
  year={2000},
  organization={IEEE},
  DOI={10.1109/REDW.2000.896281}
}

@book{goodfellow_2016,
  title={Deep learning},
  author={Goodfellow, Ian and Bengio, Yoshua and Courville, Aaron},
  year={2016},
  ISBN={0262035618},
  publisher={MIT press}
}

@article{kunches_1999,
  title={The effects of coronal holes on the propagation of solar energetic protons},
  author={Kunches, Joseph M and Zwickl, Ronald D},
  journal={Radiation measurements},
  volume={30},
  number={3},
  pages={281--286},
  year={1999},
  publisher={Elsevier},
  DOI={10.1016/S1350-4487(99)00056-6}
}

@article{feynman_1990,
  title={Solar proton events during solar cycles 19, 20, and 21},
  author={Feynman, J and Armstrong, TP and Dao-Gibner, L and Silverman, S},
  journal={Solar Physics},
  volume={126},
  pages={385--401},
  year={1990},
  publisher={Springer Netherlands},
  DOI={10.1007/BF00153058}
}

@article{gabriel_1990,
  title={Periodicities in the occurrence rate of solar proton events},
  author={Gabriel, S and Evans, R and Feynman, J},
  journal={Solar physics},
  volume={128},
  pages={415--422},
  year={1990},
  publisher={Springer Netherlands},
  DOI={10.1007/BF00838476}
}

@article{xapsos_2012,
  title={Periods of high intensity solar proton flux},
  author={Xapsos, Michael A and Stauffer, Craig A and Jordan, Thomas M and Adams, James H and Dietrich, William F},
  journal={IEEE Transactions on Nuclear Science},
  volume={59},
  number={4},
  pages={1054--1059},
  year={2012},
  publisher={IEEE},
  DOI={10.1109/TNS.2012.2196447}
}

@article{rodriguez_2010,
  title={The east-west effect in solar proton flux measurements in geostationary orbit: A new GOES capability},
  author={Rodriguez, JV and Onsager, TG and Mazur, JE},
  journal={Geophysical Research Letters},
  volume={37},
  number={7},
  year={2010},
  publisher={Wiley Online Library},
  DOI={10.1029/2010GL042531}
}

@article{nammous_2022,
  title={Using a small amount of text-independent speech data for a BiLSTM large-scale speaker identification approach},
  author={Nammous, Mohammad K and Saeed, Khalid and Kobojek, Pawe{\l}},
  journal={Journal of King Saud University - Computer and Information Sciences},
  volume={34},
  number={3},
  pages={764--770},
  year={2022},
  issn={1319-1578},
  publisher={Elsevier},
  doi={10.1016/J.JKSUCI.2020.03.011}
}

@inproceedings{graves_2014,
  title = 	 {Towards End-To-End Speech Recognition with Recurrent Neural Networks},
  author = 	 {Graves, Alex and Jaitly, Navdeep},
  booktitle =  {Proceedings of the 31st International Conference on Machine Learning},
  pages = 	 {1764--1772},
  year = 	     {2014},
  editor = 	 {Xing, Eric P. and Jebara, Tony},
  volume = 	 {32},
  number =     {2},
  series = 	 {Proceedings of Machine Learning Research},
  address = 	 {Bejing, China},
  month = 	 {22--24 Jun},
  publisher =  {PMLR},
  pdf = 	     {http://proceedings.mlr.press/v32/graves14.pdf},
  url = 	     {https://proceedings.mlr.press/v32/graves14.html}
}

@inproceedings{wollmer_2013,
  title={Feature enhancement by bidirectional LSTM networks for conversational speech recognition in highly non-stationary noise},
  author={W{\"o}llmer, Martin and Zhang, Zixing and Weninger, Felix and Schuller, Bj{\"o}rn and Rigoll, Gerhard},
  booktitle={2013 IEEE International Conference on Acoustics, Speech and Signal Processing},
  pages={6822--6826},
  year={2013},
  organization={IEEE},
  doi={10.1109/ICASSP.2013.6638983}
}

@article{Huang_2018,
  title={A LSTM-based bidirectional translation model for optimizing rare words and terminologies},
  author={Xing Huang and Huobin Tan and Guangyan Lin and Yongfen Tian},
  journal={2018 International Conference on Artificial Intelligence and Big Data (ICAIBD)},
  year={2018},
  pages={185-189},
  organization={IEEE},
  doi={10.1109/ICAIBD.2018.8396191}
}

@inproceedings{sundermeyer_2014,
  title={Translation modeling with bidirectional recurrent neural networks},
  author={Sundermeyer, Martin and Alkhouli, Tamer and Wuebker, Joern and Ney, Hermann},
  booktitle={Proceedings of the 2014 conference on empirical methods in natural language processing (EMNLP)},
  pages={14--25},
  year={2014},
  publisher={Association for Computational Linguistics},
  doi={10.3115/V1/D14-1003}
}

@article{richardson_2016,
  title={North/South Hemispheric Periodicities in the> 25 MeV Solar Proton Event Rate During the Rising and Peak Phases of Solar Cycle 24},
  author={Richardson, IG and von Rosenvinge, TT and Cane, HV},
  journal={Solar Physics},
  volume={291},
  number={7},
  pages={2117--2134},
  year={2016},
  publisher={Springer Netherlands},
  doi={10.1007/S11207-016-0948-4}
}

@article{le_2017,
  title={Dependence of large SEP events with different energies on the associated flares and CMEs},
  author={Le, Gui-Ming and Zhang, Xue-Feng},
  journal={Research in Astronomy and Astrophysics},
  volume={17},
  number={12},
  pages={123},
  year={2017},
  publisher={IOP Publishing},
  doi={10.1088/1674-4527/17/12/123}
}

@inproceedings{gopalswamy_2017,
  title={A hierarchical relationship between the fluence spectra and CME kinematics in large solar energetic particle events: A radio perspective},
  author={Gopalswamy, N and M{\"a}kel{\"a}, P and Yashiro, S and Thakur, N and Akiyama, S and Xie, H},
  booktitle={Journal of Physics: Conference Series},
  volume={900},
  number={1},
  pages={012009},
  year={2017},
  organization={IOP Publishing},
  doi={10.1088/1742-6596/900/1/012009}
}

@article{trottet_2015,
  title={Statistical evidence for contributions of flares and coronal mass ejections to major solar energetic particle events},
  author={Trottet, G and Samwel, S and Klein, K-L and Dudok de Wit, T and Miteva, R},
  journal={Solar Physics},
  volume={290},
  pages={819--839},
  number={3},
  year={2015},
  publisher={Springer Netherlands},
  doi={10.1007/S11207-014-0628-1}
}

@article{de_2011,
  title={Evolution of coronal holes and implications for high-speed solar wind during the minimum between cycles 23 and 24},
  author={de Toma, Giuliana},
  journal={Solar Physics},
  volume={274},
  pages={195--217},
  number={1},
  year={2011},
  publisher={Springer Netherlands},
  doi={10.1007/S11207-010-9677-2}
}

@article{qin_2008,
  title={Effect of flux tubes in the solar wind on the diffusion of energetic particles},
  author={Qin, Gang and Li, G},
  journal={The Astrophysical Journal},
  volume={682},
  number={2},
  pages={L129},
  number={2},
  year={2008},
  publisher={IOP Publishing},
  doi={10.1086/591229}
}

@article{wei_2019,
  title={Modeling solar energetic particle transport in 3D background solar wind: Influences of the compression regions},
  author={Wei, Wenwen and Shen, Fang and Yang, Zicai and Zhao, Lulu and Wang, Yang and Zuo, Pingbing and Zhang, Jie},
  journal={Journal of Atmospheric and Solar-Terrestrial Physics},
  volume={182},
  pages={155--164},
  year={2019},
  publisher={Elsevier},
  doi={10.1016/J.JASTP.2018.11.012}
}

@ARTICLE{guo_2013,
       author = {{Guo}, Fan and {Giacalone}, Joe},
        title = "{The Acceleration of Thermal Protons at Parallel Collisionless Shocks: Three-dimensional Hybrid Simulations}",
      journal = {The Astrophysical Journal},
     keywords = {acceleration of particles, cosmic rays, shock waves, turbulence, Astrophysics - High Energy Astrophysical Phenomena, Astrophysics - Solar and Stellar Astrophysics, Physics - Plasma Physics, Physics - Space Physics},
         year = 2013,
        month = aug,
       volume = {773},
       number = {2},
          eid = {158},
        pages = {158},
          doi = {10.1088/0004-637X/773/2/158},
 primaryClass = {astro-ph.HE},
       adsurl = {https://ui.adsabs.harvard.edu/abs/2013ApJ...773..158G},
      adsnote = {Provided by the SAO/NASA Astrophysics Data System}
}

@article{guo_2021,
  title={Shock Propagation and Associated Particle Acceleration in the Presence of Ambient Solar-Wind Turbulence},
  author={Guo, Fan and Giacalone, Joe and Zhao, Lulu},
  journal={Frontiers in Astronomy and Space Sciences},
  volume={8},
  pages={644354},
  year={2021},
  publisher={Frontiers Media SA},
  DOI={10.3389/fspas.2021.644354},
  ISSN={2296-987X}
}

@article{lario_2008,
  title={Influence of large-scale interplanetary structures on energetic particle propagation: September 2004 event at Ulysses and ACE},
  author={Lario, D and Decker, RB and Malandraki, OE and Lanzerotti, LJ},
  journal={Journal of Geophysical Research: Space Physics},
  volume={113},
  number={A3},
  year={2008},
  publisher={Wiley Online Library},
  doi={10.1029/2007JA012721}
}

@article{axford_1992,
  title={The origin of high speed solar wind streams},
  author={Axford, WI and McKenzie, JF},
  pages={1--5},
  year={1992},
  publisher={Elsevier},
  doi={10.1016/B978-0-08-042049-3.50004-1}
}

@article{gerontidou_2018,
  title={High-speed solar wind streams and geomagnetic storms during solar cycle 24},
  author={Gerontidou, M and Mavromichalaki, H and Daglis, T},
  journal={Solar Physics},
  volume={293},
  pages={131},
  number={9},
  year={2018},
  publisher={Springer Netherlands},
  doi={10.1007/S11207-018-1348-8}
}

@article{raouafi_2016,
  title={Solar coronal jets: observations, theory, and modeling},
  author={Raouafi, NE and Patsourakos, S and Pariat, E and Young, PR and Sterling, AC and Savcheva, A and Shimojo, M and Moreno-Insertis, F and DeVore, CR and Archontis, V and others},
  journal={Space Science Reviews},
  volume={201},
  pages={1--53},
  number={1},
  year={2016},
  publisher={Springer Netherlands},
  doi={10.1007/S11214-016-0260-5}
}

@article{vsvestka_1995,
  title={A comparison of solar activity during the decline of several solar cycles},
  author={{\v{S}}vestka, Z},
  journal={Advances in Space Research},
  volume={16},
  number={9},
  pages={27--36},
  year={1995},
  publisher={Elsevier},
  doi={10.1016/0273-1177(95)00311-2}
}

@article{kane_2011,
  title={Solar activity during sunspot minimum},
  author={Kane, RP},
  journal={Indian Journal of Radio \& Space Physics},
  volume={40},
  pages={7--10},
  year={2011},
  publisher={NISCAIR-CSIR, India}
}

@article{papaioannou_2018,
        title={ Nowcasting Solar Energetic Particle Events Using Principal Component Analysis },
        author={Papaioannou, Athanasios and Anastasiadis, Anastasios and Kouloumvakos, Athanasios and Paassilta, Miikka and Vainio, Rami and Valtonen, Eino and Belov, Anatoly and Eroshenko, Eugenia and Abunina, M and Abunin, A},
        journal={ Solar Physics },
        year={ 2018 },
        publisher={ Springer Netherlands },
        volume={ 293 },
        pages={ 1-23 },
        number={ 7 },
        doi={ 10.1007/S11207-018-1320-7 },  
      }

@book{schrijver_siscoe_2010,
  title={Heliophysics: Evolving solar activity and the climates of space and Earth},
  author={Schrijver, Carolus J and Siscoe, George L},
  year={2010},
  publisher={Cambridge University Press}
}

@article{nunez_2011,
author = {Núñez, Marlon},
title = {Predicting solar energetic proton events (E $>$10 MeV)},
journal = {Space Weather},
volume = {9},
number = {7},
keywords = {forecasting, solar energetic proton events, Sun-Earth magnetic connectivity estimation},
doi = {https://doi.org/10.1029/2010SW000640},
url = {https://agupubs.onlinelibrary.wiley.com/doi/abs/10.1029/2010SW000640},
year = {2011}
}

@INPROCEEDINGS{dalla_2017,
  title={Application of Test Particle Simulations to Solar Energetic Particle Forecasting},
  author = {{Dalla}, S. and {Swalwell}, B. and {Battarbee}, M. and {Marsh}, M.~S. and {Laitinen}, T. and {Proctor}, S.~J.},
  journal={Proceedings of the International Astronomical Union},
  booktitle={Space Weather of the Heliosphere: Processes and Forecasts},
  volume={13},
  number={S335},
  pages={268--271},
  month=Jul,
  year={2017},
  publisher={Cambridge University Press},
  doi={10.1017/S1743921317011012}
}

@ARTICLE{mnedal_2019,
    author = {{Nedal}, Mohamed and {Mahrous}, Ayman and {Youssef}, M.},
    title = "{Predicting the arrival time of CME associated with type-II radio burst using neural networks technique}",
    journal = {Astrophysics and Space Science},
    year = 2019,
    month = sep,
    volume = {364},
    number = {9},
    eid = {161},
    pages = {161},
    doi = {10.1007/s10509-019-3651-8},
    publisher={Springer}
}

@article{fox_2016,
	title        = {The solar probe plus mission: humanity’s first visit to our star},
	author       = {Fox, NJ and Velli, MC and Bale, SD and Decker, R and Driesman, A and Howard, RA and Kasper, Justin C and Kinnison, J and Kusterer, M and Lario, D and others},
	year         = 2016,
	journal      = {Space Science Reviews},
	publisher    = {Springer},
	volume       = 204,
	number       = 1,
	pages        = {7--48}
}

@article{bale_2016,
	title        = {The FIELDS instrument suite for solar probe plus},
	author       = {Bale, SD and Goetz, K and Harvey, PR and Turin, P and Bonnell, JW and Dudok de Wit, T and Ergun, RE and MacDowall, RJ and Pulupa, M and Andr{\'e}, Mats and others},
	year         = 2016,
	journal      = {Space science reviews},
	publisher    = {Springer},
	volume       = 204,
	number       = 1,
	pages        = {49--82}
}

@article{zhang_2019,
          title={Forward modeling of the type III radio burst exciter},
          author={Zhang, Peijin and Wang, Chuanbing and Ye, Lin and Wang, Yuming},
          journal={Solar Physics},
          volume={294},
          number={5},
          pages={62},
          year={2019},
          publisher={Springer}
}

@article{pulupa_2017,
	title        = {The Solar Probe Plus Radio Frequency Spectrometer: measurement requirements, analog design, and digital signal processing},
	author       = {Pulupa, M and Bale, SD and Bonnell, JW and Bowen, TA and Carruth, N and Goetz, K and Gordon, D and Harvey, PR and Maksimovic, M and Mart{\'\i}nez-Oliveros, JC and others},
	year         = 2017,
	journal      = {Journal of Geophysical Research: Space Physics},
	publisher    = {Wiley Online Library},
	volume       = 122,
	number       = 3,
	pages        = {2836--2854}
}

@ARTICLE{pulupa_2020,
       author = {{Pulupa}, Marc and {Bale}, Stuart D. and {Badman}, Samuel T. and {Bonnell}, J.~W. and {Case}, Anthony W. and {de Wit}, Thierry Dudok and {Goetz}, Keith and {Harvey}, Peter R. and {Hegedus}, Alexander M. and {Kasper}, Justin C. and {Korreck}, Kelly E. and {Krasnoselskikh}, Vladimir and {Larson}, Davin and {Lecacheux}, Alain and {Livi}, Roberto and {MacDowall}, Robert J. and {Maksimovic}, Milan and {Malaspina}, David M. and {Mart{\'\i}nez Oliveros}, Juan Carlos and {Meyer-Vernet}, Nicole and {Moncuquet}, Michel and {Stevens}, Michael and {Whittlesey}, Phyllis},
        title = "{Statistics and Polarization of Type III Radio Bursts Observed in the Inner Heliosphere}",
      journal = {\apjs},
     keywords = {Solar radio emission, Radio bursts, Heliosphere, Space vehicle instruments, 1522, 1339, 711, 1548, Astrophysics - Solar and Stellar Astrophysics, Physics - Space Physics},
         year = 2020,
        month = feb,
       volume = {246},
       number = {2},
          eid = {49},
        pages = {49},
          doi = {10.3847/1538-4365/ab5dc0},
archivePrefix = {arXiv},
       eprint = {1912.03371},
 primaryClass = {astro-ph.SR},
       adsurl = {https://ui.adsabs.harvard.edu/abs/2020ApJS..246...49P},
      adsnote = {Provided by the SAO/NASA Astrophysics Data System}
}

@article{lofar_2013,
	title        = {LOFAR: The low-frequency array},
	author       = {van Haarlem, Michael P and Wise, Michael W and Gunst, AW and Heald, George and McKean, John P and Hessels, Jason WT and de Bruyn, A Ger and Nijboer, Ronald and Swinbank, John and Fallows, Richard and others},
	year         = 2013,
	journal      = {Astronomy \& astrophysics},
	publisher    = {EDP Sciences},
	volume       = 556,
	pages        = {A2}
}

@article{pfss_2020,
	title        = {pfsspy: A Python package for potential field source surface modelling},
	author       = {David Stansby and Anthony Yeates and Samuel T. Badman},
	year         = 2020,
	journal      = {Journal of Open Source Software},
	publisher    = {The Open Journal},
	volume       = 5,
	number       = 54,
	pages        = 2732,
	doi          = {10.21105/joss.02732},
	url          = {https://doi.org/10.21105/joss.02732}
}

@article{mhd_1999,
	title        = {Magnetohydrodynamic modeling of the global solar corona},
	author       = {Miki{\'c}, Zoran and Linker, Jon A and Schnack, Dalton D and Lionello, Roberto and Tarditi, Alfonso},
	year         = 1999,
	journal      = {Physics of Plasmas},
	publisher    = {American Institute of Physics},
	volume       = 6,
	number       = 5,
	pages        = {2217--2224}
}

@article{ergun_1998,
	title        = {Wind spacecraft observations of solar impulsive electron events associated with solar type III radio bursts},
	author       = {Ergun, RE and Larson, D and Lin, RP and McFadden, JP and Carlson, CW and Anderson, KA and Muschietti, L and McCarthy, M and Parks, GK and Reme, H and others},
	year         = 1998,
	journal      = {The Astrophysical Journal},
	publisher    = {IOP Publishing},
	volume       = 503,
	number       = 1,
	pages        = 435
}

@article{dppp_2018,
	title        = {Dppp: Default pre-processing pipeline},
	author       = {van Diepen, Ger and Dijkema, Tammo Jan and Offringa, Andr{\'e}},
	year         = 2018,
	journal      = {Astrophysics Source Code Library},
	pages        = {ascl--1804}
}

@article{wsclean_2014,
	title        = {{WSCLEAN: an implementation of a fast, generic wide-field imager for radio astronomy}},
	author       = {{Offringa}, A.~R. and {McKinley}, B. and {Hurley-Walker}, N. and {Briggs}, F.~H. and {Wayth}, R.~B. and {Kaplan}, D.~L. and {Bell}, M.~E. and {Feng}, L. and {Neben}, A.~R. and {Hughes}, J.~D. and {Rhee}, J. and {Murphy}, T. and {Bhat}, N.~D.~R. and {Bernardi}, G. and {Bowman}, J.~D. and {Cappallo}, R.~J. and {Corey}, B.~E. and {Deshpande}, A.~A. and {Emrich}, D. and {Ewall-Wice}, A. and {Gaensler}, B.~M. and {Goeke}, R. and {Greenhill}, L.~J. and {Hazelton}, B.~J. and {Hindson}, L. and {Johnston-Hollitt}, M. and {Jacobs}, D.~C. and {Kasper}, J.~C. and {Kratzenberg}, E. and {Lenc}, E. and {Lonsdale}, C.~J. and {Lynch}, M.~J. and {McWhirter}, S.~R. and {Mitchell}, D.~A. and {Morales}, M.~F. and {Morgan}, E. and {Kudryavtseva}, N. and {Oberoi}, D. and {Ord}, S.~M. and {Pindor}, B. and {Procopio}, P. and {Prabu}, T. and {Riding}, J. and {Roshi}, D.~A. and {Shankar}, N. Udaya and {Srivani}, K.~S. and {Subrahmanyan}, R. and {Tingay}, S.~J. and {Waterson}, M. and {Webster}, R.~L. and {Whitney}, A.~R. and {Williams}, A. and {Williams}, C.~L.},
	year         = 2014,
	month        = oct,
	journal      = {\mnras},
	volume       = 444,
	number       = 1,
	pages        = {606--619},
	doi          = {10.1093/mnras/stu1368},
	keywords     = {instrumentation: interferometers, methods: observational, techniques: interferometric, radio continuum: general, Astrophysics - Instrumentation and Methods for Astrophysics},
	archiveprefix = {arXiv},
	eprint       = {1407.1943},
	primaryclass = {astro-ph.IM},
	adsurl       = {https://ui.adsabs.harvard.edu/abs/2014MNRAS.444..606O},
	adsnote      = {Provided by the SAO/NASA Astrophysics Data System}
}

@article{webb_2012,
  title={Coronal mass ejections: Observations},
  author={Webb, David F and Howard, Timothy A},
  journal={Living Reviews in Solar Physics},
  volume={9},
  number={1},
  pages={1--83},
  year={2012},
  publisher={Springer}
}

@article{fletcher_2011,
  title={An observational overview of solar flares},
  author={Fletcher, Lyndsay and Dennis, Brian R and Hudson, Hugh S and Krucker, Sam and Phillips, Ken and Veronig, Astrid and Battaglia, Marina and Bone, Laura and Caspi, Amir and Chen, Qingrong and others},
  journal={Space science reviews},
  volume={159},
  pages={19--106},
  year={2011},
  publisher={Springer}
}

@article{gong_1996,
	title        = {{The Global Oscillation Network Group (GONG) Project}},
	author       = {{Harvey}, J.~W. and {Hill}, F. and {Hubbard}, R.~P. and {Kennedy}, J.~R. and {Leibacher}, J.~W. and {Pintar}, J.~A. and {Gilman}, P.~A. and {Noyes}, R.~W. and {Title}, A.~M. and {Toomre}, J. and {Ulrich}, R.~K. and {Bhatnagar}, A. and {Kennewell}, J.~A. and {Marquette}, W. and {Patron}, J. and {Saa}, O. and {Yasukawa}, E.},
	year         = 1996,
	month        = may,
	journal      = {Science},
	volume       = 272,
	number       = 5266,
	pages        = {1284--1286},
	doi          = {10.1126/science.272.5266.1284},
	adsurl       = {https://ui.adsabs.harvard.edu/abs/1996Sci...272.1284H},
	adsnote      = {Provided by the SAO/NASA Astrophysics Data System}
}

@article{zhang_2018,
	title        = {A type III radio burst automatic analysis system and statistic results for a half solar cycle with Nan{\c{c}}ay Decameter Array data},
	author       = {Zhang, PJ and Wang, Chuan Bing and Ye, Lin},
	year         = 2018,
	journal      = {Astronomy \& Astrophysics},
	publisher    = {EDP Sciences},
	volume       = 618,
	pages        = {A165}
}

@article{badman_2022,
doi = {10.3847/1538-4357/ac90c2},
url = {https://dx.doi.org/10.3847/1538-4357/ac90c2},
year = {2022},
month = {oct},
publisher = {The American Astronomical Society},
volume = {938},
number = {2},
pages = {95},
author = {Samuel T. Badman and Eoin Carley and Luis Alberto Cañizares and Nina Dresing and Lan K. Jian and David Lario and Peter T. Gallagher and Juan C. Martínez Oliveros and Marc Pulupa and Stuart D. Bale},
title = {Tracking a Beam of Electrons from the Low Solar Corona into Interplanetary Space with the Low Frequency Array, Parker Solar Probe, and 1 au Spacecraft},
journal = {The Astrophysical Journal}
}

@ARTICLE{newkirk_1961,
       author = {{Newkirk}, Gordon, Jr.},
        title = "{The Solar Corona in Active Regions and the Thermal Origin of the Slowly Varying Component of Solar Radio Radiation.}",
      journal = {\apj},
         year = 1961,
        month = may,
       volume = {133},
        pages = {983},
          doi = {10.1086/147104},
       adsurl = {https://ui.adsabs.harvard.edu/abs/1961ApJ...133..983N},
      adsnote = {Provided by the SAO/NASA Astrophysics Data System}
}

@article{newkirk_1967,
author = {Newkirk, Gordon},
title = {Structure of the Solar Corona},
journal = {Annual Review of Astronomy and Astrophysics},
volume = {5},
number = {1},
pages = {213-266},
year = {1967},
doi = {10.1146/annurev.aa.05.090167.001241},
URL = {https://doi.org/10.1146/annurev.aa.05.090167.001241},
eprint = {https://doi.org/10.1146/annurev.aa.05.090167.001241}
}

@article{young_2018,
	title        = {Solar ultraviolet bursts},
	author       = {Young, Peter R and Tian, Hui and Peter, Hardi and Rutten, Robert J and Nelson, Chris J and Huang, Zhenghua and Schmieder, Brigitte and Vissers, Gregal JM and Toriumi, Shin and van der Voort, Luc HM Rouppe and others},
	year         = 2018,
	journal      = {Space Science Reviews},
	publisher    = {Springer},
	volume       = 214,
	pages        = {1--39}
}

@article{madjarska_2019,
	title        = {Coronal bright points},
	author       = {Madjarska, Maria S},
	year         = 2019,
	journal      = {Living Reviews in Solar Physics},
	publisher    = {Springer},
	volume       = 16,
	number       = 1,
	pages        = 2
}

@article{berghmans_2021,
	title        = {Extreme-UV quiet Sun brightenings observed by the Solar Orbiter/EUI},
	author       = {Berghmans, David and Auch{\`e}re, Fr{\'e}d{\'e}ric and Long, David M and Soubri{\'e}, Elie and Mierla, Marilena and Zhukov, Andrei N and Sch{\"u}hle, Udo and Antolin, Patrick and Harra, Louise and Parenti, Susanna and others},
	year         = 2021,
	journal      = {Astronomy \& Astrophysics},
	publisher    = {EDP Sciences},
	volume       = 656,
	pages        = {L4}
}

@article{saint_2012,
	title        = {A decade of solar type III radio bursts observed by the Nan{\c{c}}ay radioheliograph 1998--2008},
	author       = {Saint-Hilaire, Pascal and Vilmer, Nicole and Kerdraon, Alain},
	year         = 2012,
	journal      = {The Astrophysical Journal},
	publisher    = {IOP Publishing},
	volume       = 762,
	number       = 1,
	pages        = 60
}

@article{reiner_2009,
	title        = {Multipoint observations of solar type III radio bursts from STEREO and Wind},
	author       = {Reiner, M Jꎬ and Goetz, Keith and Fainberg, J and Kaiser, Michael L and Maksimovic, Milan and Cecconi, Baptiste and Hoang, Sang and Bale, Stuart D and Bougeret, J-L},
	year         = 2009,
	journal      = {Solar Physics},
	publisher    = {Springer},
	volume       = 259,
	pages        = {255--276}
}

@ARTICLE{bonnin_2008,
       author = {{Bonnin}, X. and {Hoang}, S. and {Maksimovic}, M.},
        title = "{The directivity of solar type III bursts at hectometer and kilometer wavelengths: Wind-Ulysses observations}",
      journal = {\aap},
     keywords = {Sun: radio radiation, Sun: particle emission, plasmas, methods: data analysis},
         year = 2008,
        month = oct,
       volume = {489},
       number = {1},
        pages = {419-427},
          doi = {10.1051/0004-6361:200809777},
       adsurl = {https://ui.adsabs.harvard.edu/abs/2008A&A...489..419B},
      adsnote = {Provided by the SAO/NASA Astrophysics Data System}
}

@article{chen_2013b,
	title        = {Flare-associated type III radio bursts and dynamics of the EUV jet from SDO/AIA and RHESSI observations},
	author       = {Chen, Naihwa and Ip, Wing-Huen and Innes, Davina},
	year         = 2013,
	journal      = {The Astrophysical Journal},
	publisher    = {IOP Publishing},
	volume       = 769,
	number       = 2,
	pages        = 96
}

@inproceedings{morosan_2017,
	title        = {{Characteristics of type III radio bursts and solar S bursts}},
	author       = {{Morosan}, D.~E. and {Gallagher}, P.~T.},
	year         = 2017,
	month        = jan,
	booktitle    = {Planetary Radio Emissions VIII},
	pages        = {357--368},
	doi          = {10.1553/PRE8s357},
	keywords     = {Solar radio emissions, Sun, type III, LOFAR, S bursts, Astrophysics - Solar and Stellar Astrophysics},
	editor       = {{Fischer}, G. and {Mann}, G. and {Panchenko}, M. and {Zarka}, P.},
	archiveprefix = {arXiv},
	eprint       = {1802.10460},
	primaryclass = {astro-ph.SR},
	adsurl       = {https://ui.adsabs.harvard.edu/abs/2017pre8.conf..357M},
	adsnote      = {Provided by the SAO/NASA Astrophysics Data System}
}

@article{dabrowski_2021,
	title        = {Type III Radio Bursts Observations on 20th August 2017 and 9th September 2017 with LOFAR Ba{\l}dy Telescope},
	author       = {Dabrowski, Bartosz and Flisek, Pawe{\l} and Miku{\l}a, Katarzyna and Fro{\'n}, Adam and Vocks, Christian and Magdaleni{\'c}, Jasmina and Krankowski, Andrzej and Zhang, PeiJin and Zucca, Pietro and Mann, Gottfried},
	year         = 2021,
	journal      = {Remote Sensing},
	publisher    = {MDPI},
	volume       = 13,
	number       = 1,
	pages        = 148
}

@article{melrose_1917,
	title        = {Coherent emission mechanisms in astrophysical plasmas},
	author       = {Melrose, DB},
	year         = 2017,
	journal      = {Reviews of Modern Plasma Physics},
	publisher    = {Springer},
	volume       = 1,
	pages        = {1--81}
}

@article{gurnett_1976,
	title        = {Electron plasma oscillations associated with type III radio bursts},
	author       = {Gurnett, Donald A and Anderson, Roger R},
	year         = 1976,
	journal      = {Science},
	publisher    = {American Association for the Advancement of Science},
	volume       = 194,
	number       = 4270,
	pages        = {1159--1162}
}

@article{gurnett_1977,
	title        = {Plasma wave electric fields in the solar wind: Initial results from Helios 1},
	author       = {Gurnett, Donald A and Anderson, Roger R},
	year         = 1977,
	journal      = {Journal of Geophysical Research},
	publisher    = {Wiley Online Library},
	volume       = 82,
	number       = 4,
	pages        = {632--650}
}

@article{boudjada_2020,
	title        = {Observations of Solar Type III radio bursts by<? xmltex$\backslash$break?> Cassini/RPWS experiment},
	author       = {Boudjada, Mohammed Y and Abou el-Fadl, Ahmed and Galopeau, Patrick HM and Al-Haddad, Eimad and Lammer, Helmut},
	year         = 2020,
	journal      = {Advances in Radio Science},
	publisher    = {Copernicus Publications G{\"o}ttingen, Germany},
	volume       = 18,
	pages        = {83--87}
}

@article{dulk_1985,
	title        = {The visibility of type III radio bursts originating behind the sun},
	author       = {Dulk, GA and Steinberg, Jean-Louis and Lecacheux, Alain and Hoang, Sang and MacDowall, Robert John},
	year         = 1985,
	journal      = {Astronomy and Astrophysics},
	volume       = 150,
	pages        = {L28--L30}
}

@article{fredkin_1995,
	title        = {Persistence: a new statistic for characterizing ion-channel activity},
	author       = {Fredkin, Donald R and Rice, John A and Colquhoun, David and Gibb, AJ},
	year         = 1995,
	journal      = {Philosophical Transactions of the Royal Society of London. Series B: Biological Sciences},
	publisher    = {The Royal Society London},
	volume       = 350,
	number       = 1334,
	pages        = {353--367}
}

@article{thompson_2016,
	title        = {Persistence mapping using EUV Solar Imager data},
	author       = {Thompson, BJ and Young, CA},
	year         = 2016,
	journal      = {The Astrophysical Journal},
	publisher    = {IOP Publishing},
	volume       = 825,
	number       = 1,
	pages        = 27
}

@article{pysz_2011,
	title        = {Assessment and monitoring tumor vascularity with contrast-enhanced ultrasound maximum intensity persistence imaging},
	author       = {Pysz, Marybeth A and Foygel, Kira and Panje, Cedric M and Needles, Andrew and Tian, Lu and Willmann, J{\"u}rgen K},
	year         = 2011,
	journal      = {Investigative radiology},
	publisher    = {NIH Public Access},
	volume       = 46,
	number       = 3,
	pages        = 187
}

@article{zhang_radio_2022,
	title        = {Imaging of the Quiet Sun in the Frequency Range of 20--80 MHz},
	author       = {Zhang, PeiJin and Zucca, Pietro and Kozarev, Kamen and Carley, Eoin and Wang, ChuanBing and Franzen, Thomas and Dabrowski, Bartosz and Krankowski, Andrzej and Magdalenic, Jasmina and Vocks, Christian},
	year         = 2022,
	journal      = {The Astrophysical Journal},
	publisher    = {IOP Publishing},
	volume       = 932,
	number       = 1,
	pages        = 17
}

@article{dumbovic_2021,
	title        = {2019 International Women’s Day event-Two-step solar flare with multiple eruptive signatures and low Earth impact},
	author       = {Dumbovi{\'c}, M and Veronig, AM and Podladchikova, Tatiana and Thalmann, Julia K and Chikunova, Galina and Dissauer, Karin and Magdaleni{\'c}, J and Temmer, Manuela and Guo, Jingnan and Samara, Evangelia},
	year         = 2021,
	journal      = {Astronomy \& Astrophysics},
	publisher    = {EDP Sciences},
	volume       = 652,
	pages        = {A159}
}

@article{harra_2021,
	title        = {The active region source of a type III radio storm observed by Parker Solar Probe during encounter 2},
	author       = {Harra, Louise and Brooks, David H and Bale, Stuart D and Mandrini, Cristina Hemilse and Barczynski, Krzysztof and Sharma, Rohit and Badman, Samuel T and Dom{\'\i}nguez, S Vargas and Pulupa, Marc},
	year         = 2021,
	journal      = {Astronomy \& Astrophysics},
	publisher    = {EDP Sciences},
	volume       = 650,
	pages        = {A7}
}

@article{sunpy_community_2020,
	title        = {The SunPy Project: Open Source Development and Status of the Version 1.0 Core Package},
	author       = {{The SunPy Community} and Barnes, Will T. and Bobra, Monica G. and Christe, Steven D. and Freij, Nabil and Hayes, Laura A. and Ireland, Jack and Mumford, Stuart and Perez-Suarez, David and Ryan, Daniel F. and Shih, Albert Y. and Chanda, Prateek and Glogowski, Kolja and Hewett, Russell and Hughitt, V. Keith and Hill, Andrew and Hiware, Kaustubh and Inglis, Andrew and Kirk, Michael S. F. and Konge, Sudarshan and Mason, James Paul and Maloney, Shane Anthony and Murray, Sophie A. and Panda, Asish and Park, Jongyeob and Pereira, Tiago M. D. and Reardon, Kevin and Savage, Sabrina and Sipőcz, Brigitta M. and Stansby, David and Jain, Yash and Taylor, Garrison and Yadav, Tannmay and Rajul and Dang, Trung Kien},
	year         = 2020,
	journal      = {The Astrophysical Journal},
	publisher    = {American Astronomical Society},
	volume       = 890,
	pages        = {68-},
	doi          = {10.3847/1538-4357/ab4f7a},
	url          = {https://iopscience.iop.org/article/10.3847/1538-4357/ab4f7a},
	issue        = 1
}

@article{del_2011,
	title        = {A single picture for solar coronal outflows and radio noise storms},
	author       = {Del Zanna, Giulio and Aulanier, Guillaume and Klein, K-L and T{\"o}r{\"o}k, Tibor},
	year         = 2011,
	journal      = {Astronomy \& Astrophysics},
	publisher    = {EDP Sciences},
	volume       = 526,
	pages        = {A137}
}

@article{kong_2018,
	title        = {Observational evidence of interchange reconnection between a solar coronal hole and a small emerging active region},
	author       = {Kong, DF and Pan, GM and Yan, XL and Wang, JC and Li, QL},
	year         = 2018,
	journal      = {The Astrophysical Journal Letters},
	publisher    = {IOP Publishing},
	volume       = 863,
	number       = 2,
	pages        = {L22}
}

@article{altschuler_1969,
  title={Magnetic fields and the structure of the solar corona: I: Methods of calculating coronal fields},
  author={Altschuler, Martin D and Newkirk, Gordon},
  journal={Solar Physics},
  volume={9},
  pages={131--149},
  year={1969},
  publisher={Springer}
}

@article{schatten_1969,
  title={A model of interplanetary and coronal magnetic fields},
  author={Schatten, Kenneth H and Wilcox, John M and Ness, Norman F},
  journal={Solar Physics},
  volume={6},
  pages={442--455},
  year={1969},
  publisher={Springer}
}

@article{thompson_2006,
	author = {{Thompson, W. T.}},
	title = {Coordinate systems for solar image data},
	DOI= "10.1051/0004-6361:20054262",
	url= "https://doi.org/10.1051/0004-6361:20054262",
	journal = {A\&A},
	year = 2006,
	volume = 449,
	number = 2,
	pages = "791-803",
}

@ARTICLE{gieseler_2023,
       author = {{Gieseler}, Jan and {Dresing}, Nina and {Palmroos}, Christian and {Freiherr von Forstner}, Johan L. and {Price}, Daniel J. and {Vainio}, Rami and {Kouloumvakos}, Athanasios and {Rodr{\'\i}guez-Garc{\'\i}a}, Laura and {Trotta}, Domenico and {G{\'e}not}, Vincent and {Masson}, Arnaud and {Roth}, Markus and {Veronig}, Astrid},
        title = "{Solar-MACH: An open-source tool to analyze solar magnetic connection configurations}",
      journal = {Frontiers in Astronomy and Space Sciences},
     keywords = {Python (programming language), Software package, Solar Energetic Particle (SEP), corona, Coronal mass ejection (CME), Spacecraft, heliosphere, Astrophysics - Solar and Stellar Astrophysics, Physics - Space Physics},
         year = 2023,
        month = feb,
       volume = {9},
          eid = {384},
        pages = {384},
          doi = {10.3389/fspas.2022.1058810},
archivePrefix = {arXiv},
       eprint = {2210.00819},
 primaryClass = {astro-ph.SR},
       adsurl = {https://ui.adsabs.harvard.edu/abs/2023FrASS...958810G},
      adsnote = {Provided by the SAO/NASA Astrophysics Data System}
}

@ARTICLE{hale_2019,
       author = {{Hale}, George E. and {Ellerman}, Ferdinand and {Nicholson}, S.~B. and {Joy}, A.~H.},
        title = "{The Magnetic Polarity of Sun-Spots}",
      journal = {\apj},
         year = 1919,
        month = apr,
       volume = {49},
        pages = {153},
          doi = {10.1086/142452},
       adsurl = {https://ui.adsabs.harvard.edu/abs/1919ApJ....49..153H},
      adsnote = {Provided by the SAO/NASA Astrophysics Data System}
}

@article{mann_2018,
	author = {{Mann, G.} and {Breitling, F.} and {Vocks, C.} and {Aurass, H.} and {Steinmetz, M.} and {Strassmeier, K. G.} and {Bisi, M. M.} and {Fallows, R. A.} and {Gallagher, P.} and {Kerdraon, A.} and {Mackinnon, A.} and {Magdalenic, J.} and {Rucker, H.} and {Anderson, J.} and {Asgekar, A.} and {Avruch, I. M.} and {Bell, M. E.} and {Bentum, M. J.} and {Bernardi, G.} and {Best, P.} and {B\^{\i}rzan, L.} and {Bonafede, A.} and {Broderick, J. W.} and {Br\"uggen, M.} and {Butcher, H. R.} and {Ciardi, B.} and {Corstanje, A.} and {de Gasperin, F.} and {de Geus, E.} and {Deller, A.} and {Duscha, S.} and {Eisl\"offel, J.} and {Engels, D.} and {Falcke, H.} and {Fender, R.} and {Ferrari, C.} and {Frieswijk, W.} and {Garrett, M. A.} and {Grie\ss{}meier, J.} and {Gunst, A. W.} and {van Haarlem, M.} and {Hassall, T. E.} and {Heald, G.} and {Hessels, J. W. T.} and {Hoeft, M.} and {H\"orandel, J.} and {Horneffer, A.} and {Juette, E.} and {Karastergiou, A.} and {Klijn, W. F. A.} and {Kondratiev, V. I.} and {Kramer, M.} and {Kuniyoshi, M.} and {Kuper, G.} and {Maat, P.} and {Markoff, S.} and {McFadden, R.} and {McKay-Bukowski, D.} and {McKean, J. P.} and {Mulcahy, D. D.} and {Munk, H.} and {Nelles, A.} and {Norden, M. J.} and {Orru, E.} and {Paas, H.} and {Pandey-Pommier, M.} and {Pandey, V. N.} and {Pizzo, R.} and {Polatidis, A. G.} and {Rafferty, D.} and {Reich, W.} and {R\"ottgering, H.} and {Scaife, A. M. M.} and {Schwarz, D. J.} and {Serylak, M.} and {Sluman, J.} and {Smirnov, O.} and {Stappers, B. W.} and {Tagger, M.} and {Tang, Y.} and {Tasse, C.} and {ter Veen, S.} and {Thoudam, S.} and {Toribio, M. C.} and {Vermeulen, R.} and {van Weeren, R. J.} and {Wise, M. W.} and {Wucknitz, O.} and {Yatawatta, S.} and {Zarka, P.} and {Zensus, J. A.}},
	title = {Tracking of an electron beam through the solar corona with LOFAR},
	DOI= "10.1051/0004-6361/201629017",
	url= "https://doi.org/10.1051/0004-6361/201629017",
	journal = {A\&A},
	year = 2018,
	volume = 611,
	pages = "A57",
}

